2525 4409
597 408 740 451 swa
776 409 858 449 ns
895 396 1439 449 AMIQITIAe-OAP,
1467 408 1529 449 v.
1938 394 2017 451 41

107 554 171 600 ut
191 542 264 601 iis
283 554 560 621 ponatur,
578 540 658 599 de
675 560 794 617 quo
811 539 1120 617 disputent
1139 539 1411 617 quamvis
1426 539 1639 599 subito.
1724 539 2019 617 Magnum

107 658 253 716 opus
287 651 394 705 est,
424 648 686 715 egetque
720 635 1142 695 exercitatione
1168 654 1289 693 non
1318 654 1521 712 parva.
1604 634 2019 707 Quamobrem

106 733 562 811 quaedisputari
591 731 668 789 de
705 730 966 789 amicitia
997 743 1262 809 possunt,
1294 732 1371 788 ab
1402 730 1491 789 eis
1526 750 1747 789 censeo
1780 730 2017 809 petatis,

104 829 204 906 qui
237 828 349 887 ista
389 828 780 907 profitentur:
831 847 946 905 ego
977 846 1084 885 vos
1123 825 1345 885 hortari
1386 838 1613 883 tantum
1653 844 1913 905 possum,
1950 838 2017 883 ut

103 924 424 983 amicitiam
461 923 736 983 omnibus
769 922 948 981 rebus
980 922 1254 980 humanis
1290 921 1699 999 anteponatis3
1742 921 1891 979 nihil
1924 934 2015 981 est

101 1019 258 1077 enim
299 1033 420 1077 tam
461 1031 690 1077 naturas
733 1031 958 1097 aptum,
985 1030 1106 1076 tam
1149 1016 1509 1075 conveniens
1552 1016 1631 1075 ad
1662 1038 1761 1076 res
1792 1019 1889 1076 vel
1922 1036 2012 1076 se·

99 1114 341 1182 cundas,
375 1115 478 1173 vel
520 1114 814 1173 adversas.
907 1117 1001 1172 18.
1041 1111 1166 1171 Sed
1197 1114 1313 1171 hoc
1354 1112 1615 1191 primum
1656 1114 1864 1182 senti0,
1900 1113 2013 1171 nisi

96 1209 156 1267 in
191 1210 362 1269 bonis
403 1210 728 1269 amicitiam
770 1228 904 1267 esse
945 1228 1064 1267 non
1103 1228 1317 1286 posse:
1373 1228 1568 1285 neque
1602 1208 1666 1267 id
1702 1208 1779 1267 ad
1812 1209 2011 1267 vivum

95 1325 326 1384 reseco,
362 1316 432 1363 ut
471 1304 580 1373 ini,
607 1305 710 1380 qui
743 1304 874 1361 haec
916 1303 1187 1361 subtilius
1226 1302 1541 1371 disserunt,
1570 1302 1817 1361 fortasse
1850 1323 2011 1373 vere,

93 1400 204 1457 sed
229 1400 306 1455 ad
331 1417 716 1456 communem
737 1398 1052 1455 utilitatem
1075 1416 1321 1474 parum:
1357 1409 1581 1473 negant
1609 1397 1791 1466 enim,
1813 1418 2015 1473 quem·

93 1514 279 1572 quam
314 1493 508 1551 virum
540 1494 766 1552 bonum
805 1513 958 1561 esse,
991 1492 1106 1551 nisi
1147 1493 1498 1571 sapientem.
1578 1492 1673 1551 Sit
1711 1494 1795 1551 ita
1834 1514 2011 1566 sane;

95 1590 202 1648 sed
237 1610 376 1647 eam
413 1588 768 1667 sapientiam
803 1588 1495 1667 interpretantursquam
1529 1589 1721 1647 adhuc
1758 1591 2017 1649 mortalis

93 1705 274 1743 nemo
318 1696 414 1743 est
457 1696 844 1743 consecutus:
895 1705 1004 1743 nos
1049 1699 1248 1748 autem
1294 1706 1385 1755 ea,
1422 1708 1555 1765 quae
1600 1700 1736 1745 sunt
1776 1688 1837 1745 in
1883 1709 2011 1758 usu,

94 1780 334 1858 vitaque
381 1780 702 1850 communi,
745 1801 863 1839 non
911 1801 1001 1850 ea,
1039 1800 1172 1858 quae
1219 1780 1523 1859 finguntur
1568 1796 1667 1841 aut
1714 1797 2010 1862 optantur,

95 1859 368 1953 spectare
397 1876 706 1935 debemus·
789 1876 1116 1954 Nunquam
1149 1897 1268 1955 ego
1303 1876 1515 1947 dicam,
1547 1878 1617 1937 O.
1640 1878 2007 1949 Fabricium,

96 1970 197 2029 M‘.
211 1972 485 2040 Curium,
501 1971 572 2029 Τ.
587 1972 1208 2050 Coruncanium,quos
1229 1973 1530 2051 sapientes
1550 1974 1735 2032 nostri
1757 1976 2009 2053 majores

96 2065 466 2143 judicabant,
497 2066 572 2124 ad
601 2067 850 2125 istorum
882 2088 1155 2126 normam
1182 2068 1367 2127 fuisse
1398 2069 1714 2148 sapientes,
1797 2072 2007 2141 Quare

95 2161 202 2218 sibi
223 2162 486 2220 habeant
511 2162 820 2240 sapientiae
847 2182 1066 2220 nomen
1095 2174 1157 2220 et
1187 2162 1541 2222 invidiosum
1568 2177 1629 2222 et
1654 2166 2003 2235 obscurum3

94 2257 435 2327 concedant,
466 2270 534 2315 ut
559 2257 622 2313 hi
643 2256 782 2315 boni
809 2257 922 2315 viri
949 2256 1184 2315 fuerint.
1268 2258 1368 2315 Ne
1397 2257 1460 2316 id
1482 2258 1727 2335 quidem
1755 2259 2003 2319 facient:

91 2354 392 2430 negabunt
439 2352 503 2411 id
547 2352 663 2411 nisi
709 2352 964 2432 sapienti
1011 2373 1186 2431 posse
1237 2353 1504 2412 concedi.
1606 2358 1697 2413 19.
1738 2356 2007 2433 Agamus

92 2446 271 2526 igitur
308 2448 526 2527 pingui
560 2448 854 2519 Minerva,
889 2462 956 2508 ut
998 2448 1174 2507 aiunt.
1257 2448 1385 2521 Qui
1420 2450 1503 2509 ita
1544 2470 1609 2509 se
1657 2464 1889 2529 gerunt,
1926 2451 2009 2510 ita

91 2543 307 2615 vivunt,
334 2558 402 2605 ut
435 2564 644 2603 eorum
680 2545 972 2623 probetur
1002 2544 1168 2613 fides„
1197 2544 1529 2623 integritas,
1556 2538 1825 2624 aequitas,
1852 2548 2002 2605 libe-

91 2641 318 2712 ralitas3
361 2660 480 2699 nec
511 2640 586 2699 sit
612 2640 673 2699 in
703 2641 790 2701 eis
819 2643 946 2699 ulla
971 2640 1265 2720 cupiditas
1292 2643 1389 2700 vel
1408 2641 1595 2701 libido
1616 2644 1711 2700 vel
1735 2642 2002 2713 audacia,

91 2736 318 2815 sintque
353 2757 574 2815 mag-na
608 2737 950 2806 constantia,
979 2749 1044 2798 ut
1075 2736 1118 2795 ii
1144 2738 1397 2808 fuerunt,
1428 2737 1605 2796 modo
1634 2758 1783 2815 quos
1816 2740 2004 2798 nomi-

91 2832 222 2888 navi
240 2856 254 2903 3
299 2835 408 2891 hos
430 2834 589 2891 viros
607 2834 818 2901 bonOS,
837 2845 900 2889 ut
917 2832 1104 2889 habiti
1125 2846 1277 2902 sunt,
1294 2834 1381 2891 sic
1403 2834 1583 2891 etiam
1616 2833 2005 2911 appellandos

91 2938 402 3002 putemus3
448 2927 590 3002 quia
622 2938 963 3001 sequantur,
993 2940 1281 3003 quantum
1307 2927 1578 2985 homines
1613 2940 1877 3005 possunt,
1905 2948 2005 2985 na-

93 3032 298 3091 turam,
345 3020 634 3096 optimam
680 3020 837 3076 bene
879 3020 1116 3078 vivendi
1158 3021 1389 3079 ducem.
1492 3022 1597 3079 Sic
1652 3022 1813 3079 enim
1862 3022 2005 3079 mihi

91 3117 435 3194 perspicere
462 3112 687 3181 videor,
715 3112 801 3169 ita
827 3126 1000 3170 natos
1029 3132 1158 3172 esse
1186 3136 1313 3183 nos,
1343 3128 1409 3172 ut
1434 3116 1589 3172 inter
1618 3134 1823 3173 omnes
1850 3128 2007 3174 esset

93 3212 338 3270 societas
368 3208 676 3288 quaedam:
721 3206 915 3285 major
941 3219 1158 3275 autem,
1181 3221 1247 3265 ut
1266 3209 1517 3285 quisque
1537 3208 1811 3286 proxime
1839 3231 2003 3271 acce·

93 3304 276 3364 deret.
360 3307 574 3383 Itaque
609 3302 771 3361 cives
798 3301 1062 3381 potiones
1089 3322 1268 3379 quam
1302 3302 1639 3381 peregrini3
1684 3307 2001 3386 propinqui

94 3420 267 3476 quam
291 3401 470 3459 alieni
495 3424 510 3459 ε
546 3420 680 3457 cum
703 3398 796 3457 his
824 3398 985 3457 enim
1008 3397 1331 3457 amicitiam
1353 3412 1567 3459 natura
1585 3400 1717 3480 ipsa
1736 3405 1998 3482 pe·perit;

95 3495 196 3553 sed
229 3517 302 3555 ea
339 3517 455 3555 non
497 3495 640 3555 satis
673 3496 852 3566 habet
886 3492 1196 3552 firmitatis.
1286 3495 1575 3574 -Namque
1608 3498 1725 3556 hoc
1765 3512 2003 3575 praestat

97 3592 350 3649 amicitia
389 3590 842 3672 propinquitati‚-
861 3588 1022 3667 quod
1055 3610 1132 3647 ex
1165 3592 1613 3670 propinquitate
1647 3593 1999 3651 benevolen-

97 3684 174 3743 tia
205 3687 329 3745 tolli
362 3698 574 3764 potest,
602 3706 680 3745 ex
715 3684 976 3746 amicitia
1014 3704 1132 3743 non
1154 3698 1397 3763 potest:
1440 3688 1673 3751 sublata
1704 3688 1863 3747 enim
1899 3689 2015 3746 be-.

96 3780 442 3850 nevolentia,
467 3780 740 3841 amicitiae
771 3800 992 3841 nomen
1025 3779 1262 3853 tollitur,
1285 3781 1743 3861 propinquitatis
1777 3796 1999 3844 manet.
