2525 4409
514 373 634 432 118
1150 379 1451 426 cossam
1487 378 1754 423 saro-tus

589 517 769 578 XXI.
810 513 947 572 Tali
990 511 1167 572 modo
1204 530 1394 588 quum
1439 522 1673 588 septem
1705 520 1768 568 et
1807 508 2189 587 septuaginta
2229 529 2409 570 annos

508 613 887 689 complesset,
917 621 1097 686 atque
1146 607 1223 664 ad
1267 617 1598 664 extremam
1639 617 2010 664 senectutem
2055 625 2178 663 nen
2219 606 2408 662 minus

510 705 814 784 dignitate,
842 723 1021 782 quam
1054 702 1247 780 gratia
1277 701 1628 778 fortunaque
1661 699 1942 758 crevisset
1977 701 2216 777 (multas
2259 701 2408 758 enim

512 799 871 858 hereditates
903 798 1067 859 nulla
1098 797 1217 855 alia
1232 815 1334 866 re,
1365 814 1546 872 qnam
1577 794 1858 864 bonitate,
1891 806 1983 854 est
2013 794 2408 869 consecutus),

509 906 791 971 tantaque
821 891 1211 973 prosperitate
1244 911 1388 950 usus
1421 900 1578 948 esset
1610 888 1983 958 valetudinis,
2011 901 2078 948 ut
2111 889 2286 946 annis
2317 889 2409 946 tri-

513 991 681 1069 ginta
706 989 1001 1050 medicina
1019 1007 1141 1048 non
1159 986 1547 1064 indiguisset:
1581 998 1790 1044 nactus
1813 997 1904 1044 est
1923 985 2218 1052 morbum,
2237 1003 2408 1060 quem

512 1085 683 1145 initio
726 1096 789 1142 et
826 1083 959 1162 ipse
1006 1095 1071 1142 et
1110 1081 1335 1140 medici
1373 1092 1828 1140 contemserunt.
1929 1078 2092 1139 Nam
2135 1090 2409 1157 putarunt

514 1200 651 1240 esse
694 1191 1021 1246 tenesmon,
1062 1176 1160 1235 cui
1202 1173 1472 1234 remedia
1511 1174 1730 1234 celeria
1769 1171 2083 1250 faciliaque
2125 1192 2410 1250 propone·

513 1277 750 1336 bantur.
831 1273 905 1330 In
936 1273 1050 1330 boc
1084 1290 1268 1348 quum
1307 1281 1429 1328 tres
1467 1287 1702 1328 menses
1745 1268 1876 1328 sine
1913 1267 2048 1327 ullis
2089 1266 2410 1335 doloribus,

513 1382 912 1450 praeterquam
952 1385 1099 1444 quos
1142 1385 1223 1426 ex
1269 1364 1577 1423 curatione
1623 1363 1916 1442 capiebat,
1952 1361 2411 1422 consumsisset:

516 1464 709 1524 subito
752 1474 919 1522 tanta
962 1460 1050 1520 vis
1096 1458 1291 1520 morbi
1330 1459 1392 1516 in
1431 1459 1617 1517 imum
1651 1457 1992 1518 intestinum
2022 1457 2320 1536 prorupit,
2353 1467 2414 1514 ut

520 1571 797 1618 extremo
848 1568 1119 1634 tempore
1172 1574 1288 1634 per
1341 1554 1580 1613 lumbos
1633 1553 1831 1613 fistula
1886 1553 2074 1632 putris
2130 1553 2410 1631 eruperit.

518 1654 724 1730 Atque
756 1652 872 1710 hoc
903 1650 1247 1729 priusquam
1280 1648 1340 1706 ei
1373 1647 1684 1718 accideret,
1718 1660 2032 1728 postquam
2062 1648 2124 1705 in
2155 1647 2289 1706 dies
2321 1647 2412 1705 do-

518 1749 683 1806 lores
732 1764 1076 1804 accrescere
1116 1743 1433 1821 febresque
1481 1743 1802 1804 accessisse
1851 1743 2048 1813 sensit,
2081 1743 2414 1822 Agrippam

520 1859 809 1918 generum
839 1838 917 1896 ad
936 1859 1003 1898 se
1030 1839 1251 1898 arcessi
1269 1838 1467 1919 jussit,
1487 1850 1548 1897 et
1567 1859 1704 1898 cum
1725 1859 1798 1898 eo
1821 1838 1893 1898 L.
1915 1838 2265 1898 Cornelium
2285 1839 2413 1897 Bal-

518 1932 663 1990 bum
708 1931 1077 2009 Sextumque
1122 1933 1503 1992 Peducaeum.
1601 1933 1736 1994 Hos
1781 1945 1847 1992 ut
1887 1933 2116 1991 venisse
2159 1932 2324 2002 vidit,
2358 1933 2414 1990 iu

522 2025 784 2085 cubitum
813 2025 1087 2088 innixus:
1135 2028 1452 2104 Quantam,
1479 2028 1687 2106 inquit,
1713 2047 1915 2088 curam
1946 2028 2417 2104 diligentiamque

518 2123 582 2182 in
620 2121 946 2184 valetudine
984 2143 1111 2182 mea
1152 2123 1366 2182 tuenda
1403 2124 1508 2182 hoc
1548 2133 1794 2200 tempore
1831 2123 2219 2192 adhibuerim,
2249 2142 2418 2200 quum

518 2239 618 2279 vos
656 2230 815 2280 testes
846 2217 1114 2288 habeam,
1139 2218 1296 2276 nihil
1326 2237 1536 2276 necesse
1567 2228 1648 2276 est
1673 2217 1945 2294 pluribus
1975 2217 2162 2277 verbis
2187 2237 2418 2276 comme-

518 2335 761 2376 morare.
846 2313 1071 2389 Quibus
1102 2314 1394 2390 quoniam,
1421 2323 1487 2370 ut
1517 2332 1698 2390 spero,
1727 2313 2001 2391 satisfeci,
2028 2333 2122 2372 me
2152 2314 2312 2372 nihil
2341 2333 2416 2370 re-

520 2408 671 2483 liqui
694 2408 928 2485 ficitas,
962 2407 1115 2484 quod
1154 2407 1239 2466 ad
1280 2407 1610 2466 sanandum
1651 2427 1740 2466 me
1779 2409 2107 2483 pertineret,
2140 2408 2420 2484 reliquum

522 2510 622 2569 est,
642 2509 708 2556 ut
732 2511 949 2574 egomet
972 2502 1124 2559 mihi
1142 2501 1452 2560 consulam.
1512 2501 1590 2560 Id
1615 2521 1712 2560 voe
1729 2500 2003 2577 ignorare
2020 2502 2199 2560 nolui.
2266 2503 2422 2560 Nam

520 2591 674 2652 mihi
696 2603 832 2662 stat,
850 2593 1005 2651 alere
1027 2595 1287 2652 morbum
1307 2595 1574 2652 desinere.
1635 2596 1903 2671 Namque
1927 2596 2019 2653 his
2039 2595 2244 2654 diebus
2261 2596 2423 2672 qnid-

523 2685 668 2763 quid
699 2685 817 2744 cibi
833 2688 1199 2765 potionisque
1234 2690 1432 2759 cumei,
1461 2690 1552 2747 ita
1569 2689 1828 2765 produci
1866 2691 2067 2760 vitam,
2081 2693 2424 2749 manzerina

522 2782 745 2842 dolores
774 2784 895 2842 eine
931 2804 1030 2860 spe
1068 2784 1292 2842 salutis.
1379 2783 1578 2859 Quare
1615 2805 1656 2843 a
1696 2784 1857 2842 vobis
1884 2795 2022 2861 peto
2049 2787 2337 2862 primum,
2365 2796 2426 2842 ut

522 2879 824 2939 consilium
851 2877 1109 2956 probetis
1155 2897 1382 2938 meum:
1437 2877 1660 2949 deinde,
1699 2899 1770 2938 ne
1783 2879 2028 2958 frustra
2066 2880 2425 2942 dehortando

524 2975 816 3034 conemini.

600 3163 811 3222 XXII.
851 3160 990 3220 Hac
1018 3159 1279 3220 oratione
1299 3159 1500 3220 habita
1525 3172 1689 3220 tanta
1711 3161 2039 3220 constantia
2057 3162 2220 3224 vocis
2247 3175 2427 3240 atque

524 3257 735 3325 vultus,
766 3267 833 3314 ut
863 3275 979 3313 non
1014 3275 1092 3314 ex
1125 3256 1261 3325 vita,
1289 3255 1398 3314 sed
1433 3275 1512 3313 ex
1544 3255 1720 3314 domo
1750 3255 1813 3314 in
1845 3255 2090 3314 domum
2122 3257 2428 3316 videretur

524 3347 803 3424 migrare,
826 3367 1007 3425 quum
1028 3350 1273 3426 quidem
1293 3350 1570 3429 Agrippa
1597 3370 1737 3408 eum
1763 3350 1915 3410 flens
1941 3363 2121 3429 atque
2151 3353 2426 3409 osculans

524 3453 725 3500 oraret
767 3453 943 3519 atque
983 3445 1336 3514 obsecraret,
1370 3465 1448 3504 ne
1491 3444 1569 3502 ad
1598 3444 1682 3514 id,
1710 3444 1888 3521 quod,
1908 3457 2120 3504 natura
2163 3457 2426 3524 cogeret,

522 3536 653 3615 ipse
702 3556 939 3614 quoque
984 3537 1095 3597 sibi
1142 3541 1524 3610 acceleraret,
1565 3552 1648 3611 et,
1683 3540 1964 3617 quoniam
2009 3552 2139 3598 tum
2185 3560 2429 3618 qnoque

521 3642 721 3709 posset
758 3632 1123 3710 temporibus
1164 3653 1504 3713 superesse,
1535 3654 1602 3692 se
1643 3634 1757 3694 sibi
1789 3634 2035 3712 suisque
2071 3649 2428 3703 reservaret,

520 3744 735 3803 preces
788 3727 923 3807 ejus
974 3728 1263 3788 taciturna
1315 3749 1424 3791 sua
1469 3729 1860 3792 obstinatione
1909 3730 2224 3810 depressit.
2328 3731 2428 3790 Sic
