2525 4409
409 399 496 460 96
1108 417 1176 460 u.
1207 417 1269 460 r.
1303 415 1635 460 ciostoms

327 593 334 604 .
411 559 614 607 eetero
643 557 708 608 et
737 545 1034 605 mirabilis
1063 547 1439 606 videbantur.
1520 545 1717 606 Erant
1748 557 1953 606 nutem
1987 567 2077 606 eae
2112 549 2341 617 stellae,

409 660 556 718 quus
588 659 892 718 nunquam
919 661 999 700 ex
1024 641 1297 700 hocloco
1322 639 1614 700 vidimus:
1660 651 1727 697 et
1758 659 1847 698 eae
1876 641 2343 719 magnitudines

411 733 695 804 omnium,
723 753 870 812 quas
897 753 1032 793 esse
1058 755 1369 812 nunquam
1400 734 1683 813 suspicati
1708 753 1949 794 sumus:
1998 755 2077 794 ex
2104 737 2341 813 quibus

409 841 538 888 eret
563 849 639 888 ee
665 829 926 898 minima,
953 849 1086 907 quoe
1113 830 1327 889 ultima
1354 849 1391 888 ο,
1417 829 1593 898 coelo,
1622 828 1823 887 citima
1850 830 2041 899 terrie,
2069 831 2209 888 luce
2236 823 2359 888 lu-'

409 925 584 983 cebet
602 925 812 983 aliena„
893 923 1217 982 Stellarum
1239 937 1438 982 autem
1460 923 1623 1002 globi
1644 936 1821 984 terrae
1842 909 2339 1002 magnitudinem

407 1018 582 1078 facile
613 1018 952 1078 vincebant.
1029 1018 1074 1078 J
1077 1039 1173 1078 am
1197 1019 1329 1099 ipsa
1362 1031 1522 1078 terra
1554 1019 1637 1077 its
1669 1017 1814 1076 mihi
1843 1036 2025 1098 parva
2050 1018 2172 1076 visa
2210 1033 2335 1090 est,

407 1127 476 1174 ut
507 1135 606 1174 me
633 1113 874 1194 imperii
897 1113 1101 1185 nostri,
1127 1133 1248 1192 quo
1272 1113 1443 1192 quasi
1470 1125 1759 1192 punctum
1792 1114 1921 1191 ejus
1956 1113 2335 1192 attingimuS‚

409 1209 746 1289 poeniteret.

491 1401 603 1460 IV.
620 1401 830 1474 Quam
847 1421 982 1461 cum
1001 1401 1193 1480 magis
1211 1401 1495 1472 intuerer,
1506 1400 1753 1473 Quaesm
1772 1399 1965 1477 inquit
1980 1399 2337 1473 Africanus,

411 1515 724 1575 quousque
737 1497 906 1557 humi
923 1497 1124 1557 defixa
1149 1511 1250 1557 tus
1277 1517 1445 1556 mens
1474 1497 1625 1556 erit‘l
1659 1515 1857 1554 nonne
1886 1495 2161 1574 adspicis,
2184 1519 2335 1574 quae

412 1590 476 1648 in
509 1593 732 1672 templa
761 1593 1036 1652 veneris!
1077 1612 1295 1652 novem
1326 1593 1433 1651 tibi
1465 1591 1723 1662 orbibus,
1750 1593 1847 1652 vel
1872 1591 2071 1669 potius
2106 1593 2334 1670 globis,

413 1704 687 1766 connexe
709 1699 850 1745 sunt
877 1688 1108 1746 omnia:
1155 1707 1410 1763 quorum
1438 1707 1590 1745 unus
1618 1699 1711 1744 est
1736 1685 2011 1755 coelestis,
2040 1685 2335 1756 extimus,

409 1780 512 1856 qui
543 1781 806 1856 reliquos
837 1799 1044 1839 omnes
1077 1779 1518 1858 complectitur,
1550 1799 1815 1840 summus
1848 1781 1977 1858 ipse
2006 1781 2195 1851 Deus,
2236 1801 2339 1838 ar·

411 1891 552 1930 cens
585 1884 648 1930 et
677 1874 985 1932 continens
1017 1885 1281 1945 ceteros;
1322 1874 1385 1931 in
1414 1894 1535 1951 quo
1566 1875 1737 1933 infixi
1770 1887 1907 1934 sunt
1941 1875 2041 1944 illi,
2071 1875 2174 1953 qui
2198 1879 2335 1934 vol-

409 1978 638 2036 vuntur,
681 1968 987 2026 stellarum
1033 1987 1244 2027 cursus
1290 1968 1676 2046 sempiternis
1740 1971 1836 2032 cui
1882 1970 2134 2048 subjecti
2182 1985 2336 2030 sunt

410 2073 662 2141 septem,
685 2061 787 2140 qui
807 2075 1120 2122 versantur
1143 2076 1307 2122 retro
1332 2064 1629 2124 contrario
1656 2077 1842 2136 motu,
1866 2077 2042 2142 atque
2070 2067 2333 2125 ccelum:

411 2177 450 2217 e
489 2157 706 2237 quibus
737 2178 924 2218 unum
959 2159 1202 2238 globum
1243 2159 1513 2238 possidet
1545 2159 1665 2231 illa,
1694 2181 1875 2238 quam
1912 2161 1973 2218 in
2006 2160 2187 2218 terris
2214 2161 2335 2219 Sa-

411 2254 670 2314 tui-niam
711 2255 1048 2327 nominum
1093 2254 1317 2314 deinde
1348 2268 1449 2314 'est
1488 2255 1793 2314 hominum
1827 2256 2034 2332 generi
2076 2276 2335 2335 prospe-

411 2370 514 2424 rus
547 2364 608 2409 et
638 2352 910 2410 salutaris
941 2351 1044 2410 ille
1071 2351 1290 2430 fulgor,
1318 2352 1423 2429 qui
1449 2351 1662 2410 dicitur
1686 2351 1729 2409 J
1732 2351 1895 2411 ovis:
1938 2364 2065 2410 tum
2094 2354 2335 2424 rutilus,

411 2445 830 2520 horribilisque
863 2446 1056 2515 terris,
1085 2445 1266 2524 quem
1304 2447 1565 2506 Martem
1602 2446 1834 2506 dicitis=
1878 2446 2093 2534 deinde
2120 2450 2339 2508 subter

410 2536 672 2596 mediam
709 2537 838 2595 fere
875 2539 1182 2617 regionem
1215 2543 1308 2600 sol
1352 2542 1598 2611 obtinet,
1631 2541 1775 2612 dux,
1820 2554 1883 2600 et
1921 2527 2220 2622 p‘rinceps,
2266 2558 2340 2603 et

412 2631 750 2690 moderator
773 2633 1067 2692 luminum
1095 2635 1479 2714 reliquorum,
1501 2656 1669 2696 mens
1696 2637 1923 2707 mundi,
1942 2650 2005 2695 et
2032 2649 2338 2717 tempera-

413 2728 516 2796 tio,
543 2709 710 2787 tantas
731 2729 1157 2808 magnitudine,
1187 2745 1255 2789 ut
1282 2743 1495 2791 cuncta
1520 2752 1631 2791 sua
1654 2733 1791 2790 luce
1817 2733 2048 2802 lustret,
2080 2747 2144 2791 et
2168 2755 2337 2812 cour·

413 2823 595 2902 pleat.
676 2825 861 2884 Hunc
887 2838 955 2885 ut
979 2827 1226 2884 comites
1233 2841 1690 2906 consequuntur
1704 2825 1963 2886 Veneris
1982 2830 2151 2898 alter,
2174 2830 2340 2889 alter

342 2933 364 2939 ·
415 2920 705 2979 Mercurii
747 2941 992 2982 cursus:
1032 2921 1357 2999 infimoque
1404 2923 1549 2980 orbe
1592 2923 1784 2993 Luna,
1812 2923 1998 2981 radiis
2042 2924 2183 2982 solis
2228 2943 2331 2984 ac-

416 3035 613 3086 censa,
631 3018 1010 3076 convertitur.
1079 3017 1240 3075 Infra
1270 3030 1474 3075 autem
1491 3018 1623 3095 jam
1644 3017 1792 3075 nihil
1814 3031 1923 3087 est,
1942 3018 2053 3076 nisi
2076 3023 2331 3079 mortale

417 3123 480 3170 et
525 3110 838 3181 caducum,
885 3124 1107 3190 praeter
1151 3111 1379 3170 animos
1420 3131 1669 3170 munere
1716 3111 1963 3171 deorum
2011 3112 2331 3192 hominum

311 3201 318 3208 ’
417 3207 626 3283 generi
659 3206 868 3265 detes:
911 3225 1108 3285 supra.
1122 3207 1326 3266 lunam
1360 3219 1496 3265 sunt
1526 3220 1753 3267 aeterna
1784 3207 2019 3266 omnia:
2061 3229 2199 3266 nam
2234 3229 2331 3282 ea,
2416 3274 2425 3282 ,

417 3319 552 3376 quae
583 3313 671 3357 est
699 3301 899 3358 media.
931 3313 994 3360 et
1023 3321 1196 3372 nona,
1233 3302 1458 3372 Tellus,
1486 3323 1685 3380 neque
1714 3315 2004 3373 movetur,
2034 3315 2095 3362 et
2123 3303 2335 3364 infima

417 3406 527 3465 est,
557 3405 618 3451 et
641 3392 704 3450 in
734 3412 867 3452 eam
893 3393 1166 3454 feruntur
1189 3397 1388 3455 omnia
1412 3416 1521 3456 suo
1552 3409 1703 3456 nutu
1732 3396 2015 3476 pondera.

498 3586 579 3645 V.
632 3557 792 3658 Qum
843 3603 982 3642 cum
1027 3583 1311 3646 intuerer·
1338 3599 1600 3666 stupens,
1649 3599 1717 3646 ut
1760 3608 1859 3648 me
1904 3588 2127 3669 recepi,
2170 3590 2335 3661 Quis

417 3681 536 3752 hio,
569 3682 832 3759 inquam,
859 3677 990 3758 quis
1031 3679 1141 3751 est,
1177 3682 1282 3758 qui
1314 3682 1574 3761 complet
1614 3703 1783 3741 sures
1816 3702 2001 3752 meas,
2028 3695 2227 3742 tantus
2266 3697 2337 3743 et

421 3785 546 3832 tam
587 3776 784 3835 dulcis
829 3775 1048 3836 sonusl
1144 3775 1273 3835 Hic
1316 3790 1423 3848 est,
1456 3779 1650 3856 inquit
1696 3779 1817 3848 ille,
1854 3779 1957 3856 qui
1999 3778 2335 3840 intervallis
