2525 4409
217 513 426 583 velim,
457 515 624 591 quasi
653 516 904 574 decurso
939 518 1148 595 spatio,
1259 539 1556 609 carcefes
1572 540 1641 588 a
1650 522 1817 579 calce
1851 524 2133 601 revocari.

219 612 322 665 84.
358 608 527 680 Quid
563 610 720 668 enim
750 612 927 669 habet
958 613 1080 669 vita
1151 601 1466 671 οωτηὸᾶῖ1
1498 615 1659 691 quid
1675 607 1789 673 nou
1826 618 2019 694 potius
2053 614 2133 675 la·

217 702 432 763 boris?
515 704 642 763 Sed
669 705 884 763 habeat
920 726 1021 764 san
1079 708 1319 777 ,habet
1346 721 1511 767 certe
1540 722 1734 767 tamen
1765 724 1866 769 aut
1898 712 2132 774 satieta-

217 812 366 869 tem,
397 814 498 858 aut
530 800 787 859 modum.
871 801 932 859 N
936 796 1011 859 on
1039 802 1188 860 libet
1219 803 1386 861 enim
1414 804 1557 861 mihi
1586 804 1901 883 deplorare
1934 782 2131 892 vitam,

219 895 387 973 quod
421 897 606 966 multi,
637 909 696 954 et
722 895 766 953 ii
794 896 972 966 docti,
1005 918 1168 977 saepe
1200 897 1506 957 fecerunt:
1548 920 1745 976 neque
1779 920 1877 958 me
1912 900 2131 962 vixisse

217 992 494 1069 poenitet,
517 976 906 1069 quoniainita
932 992 1072 1061 vixi,
1095 1005 1161 1050 ut
1189 1013 1308 1051 non
1328 993 1547 1051 frustra
1572 1015 1669 1051 me
1700 1008 1900 1053 natum
1930 996 2131 1055 existi·

218 1106 418 1145 mem:
467 1099 527 1145 et
569 1107 646 1145 ex
678 1087 798 1146 vita
830 1088 913 1147 ita
944 1087 1244 1197 discedffl
1241 1098 1619 1186 typquamsp
1697 1073 1977 1169 hospitiO,
2012 1112 2133 1150 non

217 1193 521 1258 tamquam
565 1203 643 1239 ex
685 1183 882 1241 domn.
965 1154 1393 1242 Commorandi
1430 1186 1589 1243 enim
1631 1200 1841 1245 utura
1874 1188 2133 1247 diverso·

216 1275 378 1333 rium
406 1276 594 1344 nobis,
613 1297 730 1333 non
749 1278 1056 1335 habitandi
1079 1277 1265 1336 dedit.
1347 1280 1403 1336 O
1422 1282 1778 1358 praeclarum
1801 1280 1977 1350 diem,
1998 1302 2133 1339 cum

222 1367 301 1426 ad
329 1368 475 1426 illud
501 1369 763 1427 divinum
797 1370 1130 1428 animorum
1157 1372 1475 1429 concilium
1504 1386 1843 1449 coetumque
1874 1376 2132 1452 proficis-

222 1484 344 1533 car,
373 1484 630 1539 cumque
657 1484 736 1521 ex
763 1464 874 1522 hac
907 1466 1082 1523 turba
1116 1479 1178 1529 et
1213 1466 1545 1525 colluvione
1574 1467 1915 1527 discedam!
1961 1471 2134 1547 profi-

221 1560 415 1617 ciscar
447 1559 608 1616 enim
641 1580 756 1617 non
793 1560 867 1617 ad
897 1580 1002 1617 eos
1029 1562 1214 1618 solum
1244 1562 1422 1630 viros,
1452 1561 1529 1620 de
1558 1563 1773 1641 quibus
1803 1578 1937 1622 ante
1966 1565 2129 1637 dixi3

219 1674 432 1712 verum
477 1654 659 1713 etiam
703 1655 780 1713 ad
815 1656 1107 1713 Catonem
1154 1676 1374 1725 meum,
1412 1678 1533 1733 quo
1570 1678 1750 1716 nemo
1792 1660 1883 1717 vir
1924 1662 2135 1719 melior

219 1763 394 1808 natus
435 1762 541 1819 est,
576 1771 754 1809 nemo
787 1751 1007 1828 pietate
1041 1752 1451 1829 praestantior!
1504 1754 1675 1831 cujus
1711 1774 1745 1811 a
1778 1774 1874 1811 me
1916 1774 2131 1862 corpus

222 1858 551 1904 crematum
579 1857 669 1903 est
698 1845 883 1923 (quod
907 1859 1106 1903 contra
1127 1846 1458 1943 &³012ng
1458 1847 1561 1916 illo
1585 1850 1893 1946 meum).
1896 1850 2153 1910 animus·
2184 1881 2192 1890 -

217 1962 368 2000 vero
395 1961 514 1998 non
541 1962 638 1999 me
665 1940 967 2008 deserens,
997 1940 1102 1998 sed
1127 1926 1540 2020 respectans,
1515 1962 1577 1999 m
1604 1964 1677 2001 ea
1704 1915 1973 2021 profecto
1997 1945 2131 2004 loca

221 2040 510 2107 discessit,
541 2060 658 2116 quo
687 2038 877 2095 mihi
861 2039 978 2118 ipsi
1009 2040 1293 2097 cernebat
1320 2060 1453 2098 esse
1480 2041 1851 2100 veniendum.
1922 2042 2127 2114 Quem

144 2131 153 2141 ⁵
221 2154 338 2213 ego
367 2155 564 2192 meum
593 2153 794 2191 casum
822 2132 1052 2191 fortiter
1076 2133 1233 2191 ferre
1261 2134 1423 2193 visus
1453 2154 1621 2193 sum:
1664 2155 1779 2192 non
1813 2157 1931 2212 quo
1957 2157 2131 2213 aequo

223 2232 420 2290 animo
454 2231 672 2288 ferrem
692 2253 706 2301 3
759 2229 868 2288 sed
903 2248 1000 2285 me
1033 2228 1162 2306 ipse
1197 2229 1572 2296 consolabar,
1608 2229 1972 2298 existimans,
2008 2250 2131 2289 nou

220 2327 608 2405 longinquum
626 2324 779 2383 inter
792 2344 899 2381 nos
919 2310 1246 2402 digressum
1266 2336 1325 2381 et
1344 2323 1669 2381 discessum
1688 2323 1827 2383 fore.
1892 2329 1988 2382 85.
2013 2325 2129 2384 His

219 2423 364 2480 mihi
390 2423 591 2489 rebus,
616 2420 820 2499 Scipio
851 2420 937 2497 (id
966 2420 1124 2477 enirn
1153 2432 1211 2478 te
1239 2440 1373 2477 cum
1399 2420 1591 2479 Laelio
1620 2420 1901 2479 admirari
1930 2423 2129 2481 solere

222 2517 466 2597 dixisti),
502 2518 652 2575 levis
695 2529 786 2575 est
831 2529 1122 2585 senectus,
1157 2536 1270 2575 nec
1316 2517 1512 2574 solum
1554 2536 1669 2574 non
1717 2517 1987 2587 molesta,
2021 2518 2129 2576 sed
2184 2575 2191 2591 ,

221 2613 399 2673 etiam
418 2612 708 2692 jucunda.
790 2611 980 2683 Quod
1007 2612 1058 2669 si
1085 2611 1146 2667 in
1173 2612 1289 2669 hoc
1319 2632 1472 2679 err0,
1502 2611 1660 2688 quod
1690 2612 1915 2670 animos
1941 2612 2128 2671 homi·
2182 2613 2191 2644 ·'

218 2728 362 2766 num
405 2709 766 2766 immortales
815 2727 944 2765 esse
993 2706 1257 2774 credam,
1293 2707 1549 2765 libenter
1594 2727 1763 2778 erro;
1824 2728 1937 2765 nec
1980 2708 2130 2765 mihi

217 2804 374 2862 hunc
415 2823 694 2872 errorem,
730 2822 850 2879 quo
889 2801 1170 2867 delector,
1207 2801 1351 2859 dum
1391 2801 1543 2870 vive,
1580 2803 1923 2877 extorqueri
1956 2804 2123 2859 volot

218 2899 306 2957 sin
349 2911 633 2964 mortuuS,
669 2908 746 2953 ut.
773 2895 1019 2971 quidam
1059 2896 1273 2953 minuti
1306 2895 1642 2973 philosophi
1684 2908 1944 2962 censent,
1979 2897 2127 2952 nihil

217 2993 482 3067 sentiam,
511 3010 634 3047 non
661 3009 892 3057 vereor,
921 3010 998 3046 ne
1025 2991 1184 3047 hunc
1219 3010 1483 3047 errorem
1520 3010 1719 3047 meum
1755 2989 1969 3075 mortui
1999 2990 2125 3066 phi·

216 3084 450 3165 losophi
479 3083 774 3141 irrideant.
857 3082 1041 3151 Quod
1069 3085 1120 3140 si
1147 3104 1268 3141 non
1296 3095 1505 3141 ‘sumus
1532 3085 1895 3141 immortales
1920 3083 2123 3155 futuri,

217 3196 413 3241 tamen
451 3177 749 3255 exstingui
776 3176 1000 3233 homini
1027 3196 1133 3234 suo
1166 3191 1439 3256 tempore
1478 3178 1743 3255 optabile
1774 3190 1879 3235 est.
1961 3178 2125 3237 Nam

216 3278 396 3337 habet
427 3288 659 3343 natura,
689 3285 753 3330 ut
787 3272 1036 3329 aliarum
1072 3272 1335 3329 omnium
1369 3291 1588 3341 rerum,
1620 3272 1705 3329 sic
1732 3273 1971 3331 vivendi
2001 3294 2123 3331 mo-

219 3374 379 3433 dum.
461 3372 753 3431 Senectus
797 3380 994 3425 autem
1036 3368 1229 3425 aetatis
1272 3380 1361 3425 est
1394 3370 1673 3445 peractio,
1703 3382 2005 3446 tamquam
2040 3369 2155 3427 fa·
2142 3351 2157 3444 ζ

215 3471 405 3529 bulae:
455 3468 628 3546 cujus
667 3463 1152 3541 defatigationem
1194 3462 1405 3540 fugere
1447 3462 1754 3535 debemus,
1789 3464 2122 3543 praesertim

218 3566 495 3645 adjuncta
513 3562 796 3621 satietate.
864 3558 1016 3617 Haec
1031 3557 1233 3629 habui,
1251 3557 1331 3616 de
1350 3572 1655 3617 senectute
1673 3580 1805 3635 quae
1824 3558 2117 3625 dicerem3

219 3660 311 3722 ad
323 3679 498 3737 quam
532 3658 754 3718 utinam
785 3654 1184 3734 perveniatis!
1231 3666 1297 3713 ut
1329 3673 1419 3723 ea,
1447 3674 1581 3735 quae
1615 3674 1694 3711 ex
1726 3674 1832 3733 me
1841 3652 2121 3740 audistis,

218 3778 282 3816 re
312 3754 544 3833 experti
573 3752 828 3831 probare
855 3749 1103 3828 possitis.
1536 3804 1543 3813 ,
1828 3776 2192 3960 ὼ

2216 1021 2234 1048 ⁴⁹³

2250 3769 2369 3838 (N
