<?xml version="1.0" encoding="UTF-8"?>
<!DOCTYPE html PUBLIC "-//W3C//DTD XHTML 1.0 Transitional//EN"
    "http://www.w3.org/TR/xhtml1/DTD/xhtml1-transitional.dtd">
<html xmlns="http://www.w3.org/1999/xhtml" xml:lang="en" lang="en">
 <head>
  <title>
</title>
<meta http-equiv="Content-Type" content="text/html;charset=utf-8" />
  <meta name='ocr-system' content='tesseract 3.04.00' />
  <meta name='ocr-capabilities' content='ocr_page ocr_carea ocr_par ocr_line ocrx_word'/>
</head>
<body>
  <div class='ocr_page' id='page_1' title='image "./desenectutedeam02anthgoog_0092.png"; bbox 0 0 2525 4409; ppageno 0'>
   <div class='ocr_carea' id='block_1_1' title="bbox 407 368 1769 433">
    <p class='ocr_par' dir='ltr' id='par_1_1' title="bbox 407 368 1769 433">
     <span class='ocr_line' id='line_1_1' title="bbox 407 368 1769 433; baseline 0 -8"><span class='ocrx_word' id='word_1_1' title='bbox 407 368 494 425; x_wconf 76' lang='lat'><strong>68</strong></span> <span class='ocrx_word' id='word_1_2' title='bbox 955 380 1023 423; x_wconf 74' lang='grc' dir='ltr'><strong>κ.</strong></span> <span class='ocrx_word' id='word_1_3' title='bbox 1056 382 1116 424; x_wconf 78' lang='lat'><strong>¹1¹.</strong></span> <span class='ocrx_word' id='word_1_4' title='bbox 1147 378 1471 424; x_wconf 70' lang='lat' dir='ltr'><strong>cicaaoms</strong></span> <span class='ocrx_word' id='word_1_5' title='bbox 1508 372 1769 433; x_wconf 71' lang='lat' dir='ltr'><strong>umus,</strong></span> 
     </span>
    </p>
   </div>
   <div class='ocr_carea' id='block_1_2' title="bbox 359 509 2317 3822">
    <p class='ocr_par' dir='ltr' id='par_1_2' title="bbox 359 509 2317 3822">
     <span class='ocr_line' id='line_1_2' title="bbox 410 509 2309 583; baseline -0.001 -9"><span class='ocrx_word' id='word_1_6' title='bbox 410 514 689 583; x_wconf 88' lang='lat' dir='ltr'><strong>Paulum,</strong></span> <span class='ocrx_word' id='word_1_7' title='bbox 717 513 806 572; x_wconf 88' lang='lat' dir='ltr'><strong>M.</strong></span> <span class='ocrx_word' id='word_1_8' title='bbox 827 514 1135 581; x_wconf 84' lang='lat' dir='ltr'><strong>Catonem,</strong></span> <span class='ocrx_word' id='word_1_9' title='bbox 1165 512 1236 572; x_wconf 84' lang='lat' dir='ltr'><strong>C.</strong></span> <span class='ocrx_word' id='word_1_10' title='bbox 1258 512 1523 582; x_wconf 82' lang='lat' dir='ltr'><strong>Gallum,</strong></span> <span class='ocrx_word' id='word_1_11' title='bbox 1552 513 1625 571; x_wconf 86' lang='lat' dir='ltr'><strong>P.</strong></span> <span class='ocrx_word' id='word_1_12' title='bbox 1643 512 1941 581; x_wconf 82' lang='lat' dir='ltr'><strong>Nasicam,</strong></span> <span class='ocrx_word' id='word_1_13' title='bbox 1968 509 2102 571; x_wconf 88' lang='lat' dir='ltr'>Tib.</span> <span class='ocrx_word' id='word_1_14' title='bbox 2128 513 2309 573; x_wconf 85' lang='lat' dir='ltr'><strong>Grac-</strong></span> 
     </span>
     <span class='ocr_line' id='line_1_3' title="bbox 409 604 2312 684; baseline -0.001 -19"><span class='ocrx_word' id='word_1_15' title='bbox 409 608 604 676; x_wconf 86' lang='lat' dir='ltr'><strong>chum,</strong></span> <span class='ocrx_word' id='word_1_16' title='bbox 630 605 934 684; x_wconf 72' lang='lat' dir='ltr'><strong>‘Scipionis</strong></span> <span class='ocrx_word' id='word_1_17' title='bbox 972 605 1156 663; x_wconf 79' lang='lat' dir='ltr'>nostri</span> <span class='ocrx_word' id='word_1_18' title='bbox 1195 624 1487 674; x_wconf 85' lang='lat' dir='ltr'><strong>socerum,</strong></span> <span class='ocrx_word' id='word_1_19' title='bbox 1522 604 1853 679; x_wconf 77' lang='lat' dir='ltr'><strong>dileximus.</strong></span> <span class='ocrx_word' id='word_1_20' title='bbox 1936 604 2091 663; x_wconf 81' lang='lat' dir='ltr'><strong>Haec</strong></span> <span class='ocrx_word' id='word_1_21' title='bbox 2134 606 2312 663; x_wconf 82' lang='lat' dir='ltr'><strong>etiam</strong></span> 
     </span>
     <span class='ocr_line' id='line_1_4' title="bbox 409 700 2310 779; baseline 0 -20"><span class='ocrx_word' id='word_1_22' title='bbox 409 701 602 778; x_wconf 84' lang='lat' dir='ltr'><strong>magis</strong></span> <span class='ocrx_word' id='word_1_23' title='bbox 635 702 834 761; x_wconf 84' lang='lat' dir='ltr'><strong>elucet</strong></span> <span class='ocrx_word' id='word_1_24' title='bbox 863 701 1022 759; x_wconf 87' lang='lat' dir='ltr'><strong>inter</strong></span> <span class='ocrx_word' id='word_1_25' title='bbox 1047 702 1323 777; x_wconf 84' lang='lat' dir='ltr'><strong>aequales,</strong></span> <span class='ocrx_word' id='word_1_26' title='bbox 1352 713 1417 758; x_wconf 86' lang='lat' dir='ltr'><strong>ut</strong></span> <span class='ocrx_word' id='word_1_27' title='bbox 1442 701 1597 758; x_wconf 83' lang='lat' dir='ltr'><strong>inter</strong></span> <span class='ocrx_word' id='word_1_28' title='bbox 1627 720 1725 757; x_wconf 88' lang='lat' dir='ltr'><strong>me</strong></span> <span class='ocrx_word' id='word_1_29' title='bbox 1760 713 1823 758; x_wconf 88' lang='lat' dir='ltr'><strong>et</strong></span> <span class='ocrx_word' id='word_1_30' title='bbox 1850 700 2209 779; x_wconf 82' lang='lat' dir='ltr'><strong>Scipionem,</strong></span> <span class='ocrx_word' id='word_1_31' title='bbox 2242 702 2310 760; x_wconf 87' lang='lat' dir='ltr'><strong>L.</strong></span> 
     </span>
     <span class='ocr_line' id='line_1_5' title="bbox 409 794 2312 874; baseline 0.001 -20"><span class='ocrx_word' id='word_1_32' title='bbox 409 796 682 863; x_wconf 88' lang='lat' dir='ltr'><strong>Furium,</strong></span> <span class='ocrx_word' id='word_1_33' title='bbox 711 795 784 854; x_wconf 90' lang='lat' dir='ltr'><strong>P.</strong></span> <span class='ocrx_word' id='word_1_34' title='bbox 804 794 1132 874; x_wconf 89' lang='lat' dir='ltr'><strong>Rupilium,</strong></span> <span class='ocrx_word' id='word_1_35' title='bbox 1163 795 1267 874; x_wconf 90' lang='lat' dir='ltr'><strong>Sp.</strong></span> <span class='ocrx_word' id='word_1_36' title='bbox 1292 794 1675 853; x_wconf 82' lang='lat' dir='ltr'><strong>Mummium:</strong></span> <span class='ocrx_word' id='word_1_37' title='bbox 1715 794 1971 853; x_wconf 81' lang='lat' dir='ltr'><strong>vicissim</strong></span> <span class='ocrx_word' id='word_1_38' title='bbox 1998 809 2200 855; x_wconf 87' lang='lat' dir='ltr'><strong>autem</strong></span> <span class='ocrx_word' id='word_1_39' title='bbox 2226 816 2312 855; x_wconf 89' lang='lat' dir='ltr'><strong>se-</strong></span> 
     </span>
     <span class='ocr_line' id='line_1_6' title="bbox 407 890 2313 968; baseline 0 -19"><span class='ocrx_word' id='word_1_40' title='bbox 407 910 518 950; x_wconf 88' lang='lat' dir='ltr'><strong>nes</strong></span> <span class='ocrx_word' id='word_1_41' title='bbox 551 890 610 948; x_wconf 90' lang='lat' dir='ltr'><strong>in</strong></span> <span class='ocrx_word' id='word_1_42' title='bbox 649 890 1116 950; x_wconf 85' lang='lat' dir='ltr'><strong>adolescentium</strong></span> <span class='ocrx_word' id='word_1_43' title='bbox 1151 891 1398 950; x_wconf 85' lang='lat' dir='ltr'><strong>caritate</strong></span> <span class='ocrx_word' id='word_1_44' title='bbox 1434 890 1885 968; x_wconf 76' lang='lat' dir='ltr'><strong>acquiescimus,</strong></span> <span class='ocrx_word' id='word_1_45' title='bbox 1914 904 1981 948; x_wconf 88' lang='lat' dir='ltr'><strong>ut</strong></span> <span class='ocrx_word' id='word_1_46' title='bbox 2006 890 2073 948; x_wconf 88' lang='lat' dir='ltr'><strong>in</strong></span> <span class='ocrx_word' id='word_1_47' title='bbox 2096 904 2313 962; x_wconf 81' lang='lat' dir='ltr'><strong>vestra,</strong></span> 
     </span>
     <span class='ocr_line' id='line_1_7' title="bbox 409 984 2315 1063; baseline 0.001 -20"><span class='ocrx_word' id='word_1_48' title='bbox 409 998 478 1043; x_wconf 87' lang='lat' dir='ltr'><strong>ut</strong></span> <span class='ocrx_word' id='word_1_49' title='bbox 491 986 552 1043; x_wconf 87' lang='lat' dir='ltr'><strong>in</strong></span> <span class='ocrx_word' id='word_1_50' title='bbox 573 984 654 1057; x_wconf 82' lang='lat' dir='ltr'><strong>Q.</strong></span> <span class='ocrx_word' id='word_1_51' title='bbox 671 986 1040 1055; x_wconf 85' lang='lat' dir='ltr'><strong>Tuberonis;</strong></span> <span class='ocrx_word' id='word_1_52' title='bbox 1075 984 1355 1063; x_wconf 80' lang='lat' dir='ltr'><strong>equidem</strong></span> <span class='ocrx_word' id='word_1_53' title='bbox 1374 986 1555 1045; x_wconf 88' lang='lat' dir='ltr'><strong>etiam</strong></span> <span class='ocrx_word' id='word_1_54' title='bbox 1574 985 1897 1044; x_wconf 84' lang='lat' dir='ltr'><strong>admodum</strong></span> <span class='ocrx_word' id='word_1_55' title='bbox 1920 985 2315 1044; x_wconf 83' lang='lat' dir='ltr'><strong>adolescentis</strong></span> 
     </span>
     <span class='ocr_line' id='line_1_8' title="bbox 411 1080 2317 1160; baseline 0.002 -22"><span class='ocrx_word' id='word_1_56' title='bbox 411 1080 484 1139; x_wconf 91' lang='lat' dir='ltr'><strong>P.</strong></span> <span class='ocrx_word' id='word_1_57' title='bbox 499 1081 730 1151; x_wconf 87' lang='lat' dir='ltr'><strong>Rutilii,</strong></span> <span class='ocrx_word' id='word_1_58' title='bbox 747 1082 824 1139; x_wconf 86' lang='lat' dir='ltr'><strong>A.</strong></span> <span class='ocrx_word' id='word_1_59' title='bbox 835 1080 1091 1159; x_wconf 82' lang='lat' dir='ltr'><strong>virginii</strong></span> <span class='ocrx_word' id='word_1_60' title='bbox 1113 1081 1513 1139; x_wconf 78' lang='lat' dir='ltr'><strong>familiaritate</strong></span> <span class='ocrx_word' id='word_1_61' title='bbox 1534 1080 1813 1141; x_wconf 86' lang='lat' dir='ltr'><strong>delector.</strong></span> <span class='ocrx_word' id='word_1_62' title='bbox 1888 1081 2317 1160; x_wconf 81' lang='lat' dir='ltr'><strong>Quoniamque</strong></span> 
     </span>
     <span class='ocr_line' id='line_1_9' title="bbox 411 1176 2316 1257; baseline -0.001 -22"><span class='ocrx_word' id='word_1_63' title='bbox 411 1178 498 1236; x_wconf 86' lang='lat' dir='ltr'><strong>ita</strong></span> <span class='ocrx_word' id='word_1_64' title='bbox 539 1178 691 1237; x_wconf 85' lang='lat' dir='ltr'><strong>ratio</strong></span> <span class='ocrx_word' id='word_1_65' title='bbox 733 1192 1071 1257; x_wconf 85' lang='lat' dir='ltr'><strong>comparata</strong></span> <span class='ocrx_word' id='word_1_66' title='bbox 1115 1190 1209 1237; x_wconf 84' lang='lat' dir='ltr'><strong>est</strong></span> <span class='ocrx_word' id='word_1_67' title='bbox 1247 1176 1387 1235; x_wconf 78' lang='lat' dir='ltr'><strong>vitoe</strong></span> <span class='ocrx_word' id='word_1_68' title='bbox 1436 1188 1783 1255; x_wconf 65' lang='lat' dir='ltr'><strong>naturaeque</strong></span> <span class='ocrx_word' id='word_1_69' title='bbox 1824 1190 2057 1247; x_wconf 73' lang='lat' dir='ltr'><strong>nostrae,</strong></span> <span class='ocrx_word' id='word_1_70' title='bbox 2092 1191 2161 1236; x_wconf 93' lang='lat' dir='ltr'><strong>ut</strong></span> <span class='ocrx_word' id='word_1_71' title='bbox 2204 1177 2316 1236; x_wconf 83' lang='lat' dir='ltr'><strong>alia</strong></span> 
     </span>
     <span class='ocr_line' id='line_1_10' title="bbox 411 1271 2317 1351; baseline -0.001 -18"><span class='ocrx_word' id='word_1_72' title='bbox 411 1286 556 1333; x_wconf 83' lang='lat' dir='ltr'><strong>aetas</strong></span> <span class='ocrx_word' id='word_1_73' title='bbox 595 1273 818 1331; x_wconf 84' lang='lat' dir='ltr'><strong>oriatur</strong></span> <span class='ocrx_word' id='word_1_74' title='bbox 857 1293 936 1332; x_wconf 87' lang='lat' dir='ltr'><strong>ex</strong></span> <span class='ocrx_word' id='word_1_75' title='bbox 977 1272 1124 1343; x_wconf 83' lang='lat' dir='ltr'><strong>alia3</strong></span> <span class='ocrx_word' id='word_1_76' title='bbox 1176 1272 1435 1331; x_wconf 82' lang='lat' dir='ltr'><strong>maxime</strong></span> <span class='ocrx_word' id='word_1_77' title='bbox 1470 1271 1713 1349; x_wconf 88' lang='lat' dir='ltr'><strong>quidem</strong></span> <span class='ocrx_word' id='word_1_78' title='bbox 1752 1271 2072 1351; x_wconf 87' lang='lat' dir='ltr'><strong>optandum</strong></span> <span class='ocrx_word' id='word_1_79' title='bbox 2116 1285 2224 1343; x_wconf 85' lang='lat' dir='ltr'><strong>est,</strong></span> <span class='ocrx_word' id='word_1_80' title='bbox 2254 1285 2317 1331; x_wconf 88' lang='lat' dir='ltr'><strong>ut</strong></span> 
     </span>
     <span class='ocr_line' id='line_1_11' title="bbox 415 1368 2316 1449; baseline -0.001 -22"><span class='ocrx_word' id='word_1_81' title='bbox 415 1388 554 1427; x_wconf 86' lang='lat' dir='ltr'><strong>cum</strong></span> <span class='ocrx_word' id='word_1_82' title='bbox 585 1370 914 1446; x_wconf 85' lang='lat' dir='ltr'><strong>aequalibus</strong></span> <span class='ocrx_word' id='word_1_83' title='bbox 949 1369 1155 1449; x_wconf 84' lang='lat' dir='ltr'><strong>possis,</strong></span> <span class='ocrx_word' id='word_1_84' title='bbox 1185 1368 1539 1445; x_wconf 83' lang='lat' dir='ltr'><strong>quibuscum</strong></span> <span class='ocrx_word' id='word_1_85' title='bbox 1572 1380 1875 1445; x_wconf 83' lang='lat' dir='ltr'><strong>tamquam</strong></span> <span class='ocrx_word' id='word_1_86' title='bbox 1906 1387 1941 1425; x_wconf 87' lang='lat' dir='ltr'><strong>e</strong></span> <span class='ocrx_word' id='word_1_87' title='bbox 1974 1368 2316 1426; x_wconf 81' lang='lat' dir='ltr'><strong>carceribus</strong></span> 
     </span>
     <span class='ocr_line' id='line_1_12' title="bbox 413 1462 2315 1540; baseline 0 -18"><span class='ocrx_word' id='word_1_88' title='bbox 413 1464 666 1522; x_wconf 86' lang='lat' dir='ltr'><strong>emissus</strong></span> <span class='ocrx_word' id='word_1_89' title='bbox 695 1464 797 1534; x_wconf 88' lang='lat' dir='ltr'><strong>sis,</strong></span> <span class='ocrx_word' id='word_1_90' title='bbox 825 1484 962 1523; x_wconf 88' lang='lat' dir='ltr'><strong>cum</strong></span> <span class='ocrx_word' id='word_1_91' title='bbox 995 1464 1220 1523; x_wconf 88' lang='lat' dir='ltr'><strong>eisdem</strong></span> <span class='ocrx_word' id='word_1_92' title='bbox 1255 1464 1329 1522; x_wconf 88' lang='lat' dir='ltr'><strong>ad</strong></span> <span class='ocrx_word' id='word_1_93' title='bbox 1358 1466 1601 1533; x_wconf 83' lang='lat' dir='ltr'><strong>calcem,</strong></span> <span class='ocrx_word' id='word_1_94' title='bbox 1628 1475 1695 1521; x_wconf 86' lang='lat' dir='ltr'><strong>ut</strong></span> <span class='ocrx_word' id='word_1_95' title='bbox 1722 1462 1955 1533; x_wconf 86' lang='lat' dir='ltr'><strong>dicitur,</strong></span> <span class='ocrx_word' id='word_1_96' title='bbox 1984 1464 2315 1540; x_wconf 81' lang='lat' dir='ltr'><strong>pervenire.</strong></span> 
     </span>
     <span class='ocr_line' id='line_1_13' title="bbox 417 1557 2313 1638; baseline -0.001 -20"><span class='ocrx_word' id='word_1_97' title='bbox 417 1564 550 1618; x_wconf 85' lang='grc'><strong>102.</strong></span> <span class='ocrx_word' id='word_1_98' title='bbox 585 1559 708 1618; x_wconf 86' lang='lat' dir='ltr'><strong>Sed</strong></span> <span class='ocrx_word' id='word_1_99' title='bbox 737 1561 1014 1638; x_wconf 85' lang='lat' dir='ltr'><strong>quoniam</strong></span> <span class='ocrx_word' id='word_1_100' title='bbox 1044 1579 1140 1618; x_wconf 86' lang='lat' dir='ltr'><strong>res</strong></span> <span class='ocrx_word' id='word_1_101' title='bbox 1173 1559 1447 1617; x_wconf 82' lang='lat' dir='ltr'><strong>bumanae</strong></span> <span class='ocrx_word' id='word_1_102' title='bbox 1480 1558 1721 1636; x_wconf 82' lang='lat' dir='ltr'><strong>fragiles</strong></span> <span class='ocrx_word' id='word_1_103' title='bbox 1754 1557 2121 1634; x_wconf 82' lang='lat' dir='ltr'><strong>caducaeque</strong></span> <span class='ocrx_word' id='word_1_104' title='bbox 2161 1570 2313 1628; x_wconf 86' lang='lat' dir='ltr'><strong>sunt,</strong></span> 
     </span>
     <span class='ocr_line' id='line_1_14' title="bbox 359 1651 2315 1732; baseline -0.003 -17"><span class='ocrx_word' id='word_1_105' title='bbox 359 1709 364 1715; x_wconf 96' lang='lat'>.</span> <span class='ocrx_word' id='word_1_106' title='bbox 414 1674 656 1732; x_wconf 85' lang='lat' dir='ltr'><strong>semper</strong></span> <span class='ocrx_word' id='word_1_107' title='bbox 683 1654 866 1731; x_wconf 87' lang='lat' dir='ltr'><strong>aliqui</strong></span> <span class='ocrx_word' id='word_1_108' title='bbox 887 1652 1233 1729; x_wconf 83' lang='lat' dir='ltr'><strong>anquirendi</strong></span> <span class='ocrx_word' id='word_1_109' title='bbox 1259 1665 1415 1721; x_wconf 88' lang='lat' dir='ltr'><strong>sunt,</strong></span> <span class='ocrx_word' id='word_1_110' title='bbox 1434 1672 1583 1729; x_wconf 89' lang='lat' dir='ltr'><strong>quos</strong></span> <span class='ocrx_word' id='word_1_111' title='bbox 1604 1651 1936 1729; x_wconf 83' lang='lat' dir='ltr'><strong>diligamus,</strong></span> <span class='ocrx_word' id='word_1_112' title='bbox 1959 1664 2021 1710; x_wconf 90' lang='lat' dir='ltr'><strong>et</strong></span> <span class='ocrx_word' id='word_1_113' title='bbox 2048 1672 2083 1709; x_wconf 88' lang='lat' dir='ltr'><strong>a</strong></span> <span class='ocrx_word' id='word_1_114' title='bbox 2102 1652 2315 1729; x_wconf 83' lang='lat' dir='ltr'><strong>quibus</strong></span> 
     </span>
     <span class='ocr_line' id='line_1_15' title="bbox 413 1746 2313 1826; baseline -0.001 -19"><span class='ocrx_word' id='word_1_115' title='bbox 413 1749 772 1826; x_wconf 85' lang='lat' dir='ltr'><strong>diligamur:</strong></span> <span class='ocrx_word' id='word_1_116' title='bbox 817 1749 1062 1806; x_wconf 83' lang='lat' dir='ltr'><strong>caritate</strong></span> <span class='ocrx_word' id='word_1_117' title='bbox 1089 1746 1252 1805; x_wconf 89' lang='lat' dir='ltr'><strong>enim</strong></span> <span class='ocrx_word' id='word_1_118' title='bbox 1280 1746 1811 1823; x_wconf 85' lang='lat' dir='ltr'><strong>benevolentiaque</strong></span> <span class='ocrx_word' id='word_1_119' title='bbox 1840 1748 2091 1816; x_wconf 83' lang='lat' dir='ltr'><strong>sublata,</strong></span> <span class='ocrx_word' id='word_1_120' title='bbox 2124 1747 2313 1805; x_wconf 87' lang='lat' dir='ltr'><strong>omnis</strong></span> 
     </span>
     <span class='ocr_line' id='line_1_16' title="bbox 414 1840 2314 1921; baseline 0.001 -21"><span class='ocrx_word' id='word_1_121' title='bbox 414 1856 504 1900; x_wconf 87' lang='lat' dir='ltr'><strong>est</strong></span> <span class='ocrx_word' id='word_1_122' title='bbox 523 1862 560 1899; x_wconf 88' lang='lat' dir='ltr'><strong>e</strong></span> <span class='ocrx_word' id='word_1_123' title='bbox 580 1841 702 1898; x_wconf 81' lang='lat' dir='ltr'><strong>vita</strong></span> <span class='ocrx_word' id='word_1_124' title='bbox 727 1842 962 1899; x_wconf 88' lang='lat' dir='ltr'><strong>sublata</strong></span> <span class='ocrx_word' id='word_1_125' title='bbox 979 1840 1343 1917; x_wconf 87' lang='lat' dir='ltr'><strong>jucunditas.</strong></span> <span class='ocrx_word' id='word_1_126' title='bbox 1424 1840 1575 1897; x_wconf 90' lang='lat' dir='ltr'><strong>Mihi</strong></span> <span class='ocrx_word' id='word_1_127' title='bbox 1595 1842 1837 1918; x_wconf 89' lang='lat' dir='ltr'><strong>quidem</strong></span> <span class='ocrx_word' id='word_1_128' title='bbox 1868 1842 2093 1920; x_wconf 88' lang='lat' dir='ltr'><strong>Scipio,</strong></span> <span class='ocrx_word' id='word_1_129' title='bbox 2115 1864 2314 1921; x_wconf 89' lang='lat' dir='ltr'><strong>quam·</strong></span> 
     </span>
     <span class='ocr_line' id='line_1_17' title="bbox 413 1936 2310 2015; baseline 0.001 -22"><span class='ocrx_word' id='word_1_130' title='bbox 413 1956 587 2012; x_wconf 84' lang='lat' dir='ltr'><strong>quam</strong></span> <span class='ocrx_word' id='word_1_131' title='bbox 629 1948 720 1993; x_wconf 84' lang='lat' dir='ltr'><strong>est</strong></span> <span class='ocrx_word' id='word_1_132' title='bbox 757 1936 954 1993; x_wconf 88' lang='lat' dir='ltr'><strong>subito</strong></span> <span class='ocrx_word' id='word_1_133' title='bbox 995 1947 1250 2013; x_wconf 88' lang='lat' dir='ltr'><strong>ereptus,</strong></span> <span class='ocrx_word' id='word_1_134' title='bbox 1286 1936 1429 1994; x_wconf 82' lang='lat' dir='ltr'><strong>vivit</strong></span> <span class='ocrx_word' id='word_1_135' title='bbox 1468 1949 1686 2005; x_wconf 85' lang='lat' dir='ltr'><strong>tamen,</strong></span> <span class='ocrx_word' id='word_1_136' title='bbox 1720 1956 2078 2015; x_wconf 84' lang='lat' dir='ltr'><strong>semperque</strong></span> <span class='ocrx_word' id='word_1_137' title='bbox 2120 1939 2310 1997; x_wconf 82' lang='lat' dir='ltr'><strong>vivet:</strong></span> 
     </span>
     <span class='ocr_line' id='line_1_18' title="bbox 373 2030 2314 2109; baseline 0.001 -20"><span class='ocrx_word' id='word_1_138' title='bbox 373 2106 377 2109; x_wconf 13' lang='grc' dir='ltr'>ι</span> <span class='ocrx_word' id='word_1_139' title='bbox 412 2030 688 2089; x_wconf 85' lang='lat' dir='ltr'><strong>virtutem</strong></span> <span class='ocrx_word' id='word_1_140' title='bbox 739 2031 898 2088; x_wconf 88' lang='lat' dir='ltr'><strong>enim</strong></span> <span class='ocrx_word' id='word_1_141' title='bbox 945 2030 1135 2089; x_wconf 82' lang='lat' dir='ltr'><strong>amavi</strong></span> <span class='ocrx_word' id='word_1_142' title='bbox 1175 2031 1335 2089; x_wconf 84' lang='lat' dir='ltr'><strong>illius</strong></span> <span class='ocrx_word' id='word_1_143' title='bbox 1380 2030 1509 2101; x_wconf 75' lang='lat' dir='ltr'><strong>viri,</strong></span> <span class='ocrx_word' id='word_1_144' title='bbox 1553 2050 1687 2107; x_wconf 80' lang='lat' dir='ltr'><strong>quae</strong></span> <span class='ocrx_word' id='word_1_145' title='bbox 1734 2031 1999 2090; x_wconf 83' lang='lat' dir='ltr'><strong>extincta</strong></span> <span class='ocrx_word' id='word_1_146' title='bbox 2044 2052 2165 2091; x_wconf 90' lang='lat' dir='ltr'><strong>non</strong></span> <span class='ocrx_word' id='word_1_147' title='bbox 2214 2045 2314 2091; x_wconf 87' lang='lat' dir='ltr'><strong>est.</strong></span> 
     </span>
     <span class='ocr_line' id='line_1_19' title="bbox 413 2125 2314 2205; baseline -0.001 -18"><span class='ocrx_word' id='word_1_148' title='bbox 413 2125 550 2188; x_wconf 89' lang='lat' dir='ltr'><strong>Nec</strong></span> <span class='ocrx_word' id='word_1_149' title='bbox 591 2126 734 2185; x_wconf 87' lang='lat' dir='ltr'><strong>mihi</strong></span> <span class='ocrx_word' id='word_1_150' title='bbox 768 2126 880 2187; x_wconf 90' lang='lat' dir='ltr'><strong>soli</strong></span> <span class='ocrx_word' id='word_1_151' title='bbox 909 2139 1180 2186; x_wconf 80' lang='lat' dir='ltr'><strong>versatur</strong></span> <span class='ocrx_word' id='word_1_152' title='bbox 1221 2140 1357 2185; x_wconf 86' lang='lat' dir='ltr'><strong>ante</strong></span> <span class='ocrx_word' id='word_1_153' title='bbox 1395 2128 1615 2200; x_wconf 82' lang='lat' dir='ltr'><strong>oculos,</strong></span> <span class='ocrx_word' id='word_1_154' title='bbox 1644 2127 1747 2203; x_wconf 89' lang='lat' dir='ltr'><strong>qui</strong></span> <span class='ocrx_word' id='word_1_155' title='bbox 1778 2126 1940 2184; x_wconf 85' lang='lat' dir='ltr'><strong>illam</strong></span> <span class='ocrx_word' id='word_1_156' title='bbox 1980 2147 2225 2205; x_wconf 88' lang='lat' dir='ltr'><strong>semper</strong></span> <span class='ocrx_word' id='word_1_157' title='bbox 2254 2128 2314 2185; x_wconf 89' lang='lat' dir='ltr'><strong>in</strong></span> 
     </span>
     <span class='ocr_line' id='line_1_20' title="bbox 411 2220 2313 2301; baseline 0.001 -22"><span class='ocrx_word' id='word_1_158' title='bbox 411 2223 682 2281; x_wconf 84' lang='lat' dir='ltr'><strong>manibus</strong></span> <span class='ocrx_word' id='word_1_159' title='bbox 715 2222 914 2288; x_wconf 88' lang='lat' dir='ltr'><strong>habui,</strong></span> <span class='ocrx_word' id='word_1_160' title='bbox 950 2220 1058 2281; x_wconf 85' lang='lat' dir='ltr'><strong>sed</strong></span> <span class='ocrx_word' id='word_1_161' title='bbox 1091 2222 1273 2279; x_wconf 85' lang='lat' dir='ltr'><strong>etiam</strong></span> <span class='ocrx_word' id='word_1_162' title='bbox 1309 2221 1563 2301; x_wconf 87' lang='lat' dir='ltr'><strong>posteris</strong></span> <span class='ocrx_word' id='word_1_163' title='bbox 1602 2221 1715 2279; x_wconf 85' lang='lat' dir='ltr'><strong>erit</strong></span> <span class='ocrx_word' id='word_1_164' title='bbox 1754 2222 1917 2279; x_wconf 86' lang='lat' dir='ltr'><strong>clara</strong></span> <span class='ocrx_word' id='word_1_165' title='bbox 1956 2234 2019 2279; x_wconf 89' lang='lat' dir='ltr'><strong>et</strong></span> <span class='ocrx_word' id='word_1_166' title='bbox 2048 2221 2313 2300; x_wconf 84' lang='lat' dir='ltr'><strong>insignis.</strong></span> 
     </span>
     <span class='ocr_line' id='line_1_21' title="bbox 411 2315 2314 2394; baseline 0 -19"><span class='ocrx_word' id='word_1_167' title='bbox 411 2316 616 2377; x_wconf 89' lang='lat' dir='ltr'><strong>Nemo</strong></span> <span class='ocrx_word' id='word_1_168' title='bbox 637 2332 905 2394; x_wconf 70' lang='lat' dir='ltr'><strong>‘unquam</strong></span> <span class='ocrx_word' id='word_1_169' title='bbox 945 2317 1140 2375; x_wconf 87' lang='lat' dir='ltr'><strong>animo</strong></span> <span class='ocrx_word' id='word_1_170' title='bbox 1181 2328 1285 2374; x_wconf 86' lang='lat' dir='ltr'><strong>aut</strong></span> <span class='ocrx_word' id='word_1_171' title='bbox 1322 2335 1432 2394; x_wconf 86' lang='lat' dir='ltr'><strong>spe</strong></span> <span class='ocrx_word' id='word_1_172' title='bbox 1463 2315 1692 2394; x_wconf 88' lang='lat' dir='ltr'><strong>majora</strong></span> <span class='ocrx_word' id='word_1_173' title='bbox 1732 2316 2031 2393; x_wconf 86' lang='lat' dir='ltr'><strong>suscipiet,</strong></span> <span class='ocrx_word' id='word_1_174' title='bbox 2060 2317 2163 2393; x_wconf 91' lang='lat' dir='ltr'><strong>qui</strong></span> <span class='ocrx_word' id='word_1_175' title='bbox 2200 2316 2314 2375; x_wconf 87' lang='lat' dir='ltr'><strong>sibi</strong></span> 
     </span>
     <span class='ocr_line' id='line_1_22' title="bbox 410 2410 2313 2490; baseline 0 -20"><span class='ocrx_word' id='word_1_176' title='bbox 410 2432 526 2470; x_wconf 92' lang='lat' dir='ltr'><strong>non</strong></span> <span class='ocrx_word' id='word_1_177' title='bbox 550 2414 702 2470; x_wconf 88' lang='lat' dir='ltr'><strong>illius</strong></span> <span class='ocrx_word' id='word_1_178' title='bbox 729 2412 1081 2470; x_wconf 88' lang='lat' dir='ltr'><strong>memoriam</strong></span> <span class='ocrx_word' id='word_1_179' title='bbox 1109 2424 1287 2489; x_wconf 79' lang='lat' dir='ltr'><strong>atque</strong></span> <span class='ocrx_word' id='word_1_180' title='bbox 1308 2410 1629 2487; x_wconf 88' lang='lat' dir='ltr'><strong>imaginem</strong></span> <span class='ocrx_word' id='word_1_181' title='bbox 1650 2410 2103 2490; x_wconf 86' lang='lat' dir='ltr'><strong>proponendam</strong></span> <span class='ocrx_word' id='word_1_182' title='bbox 2125 2424 2313 2489; x_wconf 86' lang='lat' dir='ltr'><strong>putet.</strong></span> 
     </span>
     <span class='ocr_line' id='line_1_23' title="bbox 415 2505 2311 2582; baseline 0.001 -18"><span class='ocrx_word' id='word_1_183' title='bbox 415 2511 548 2565; x_wconf 88' lang='grc'><strong>103.</strong></span> <span class='ocrx_word' id='word_1_184' title='bbox 589 2506 895 2582; x_wconf 84' lang='lat' dir='ltr'><strong>Equidem</strong></span> <span class='ocrx_word' id='word_1_185' title='bbox 929 2526 1007 2564; x_wconf 82' lang='lat' dir='ltr'><strong>ex</strong></span> <span class='ocrx_word' id='word_1_186' title='bbox 1041 2506 1311 2563; x_wconf 89' lang='lat' dir='ltr'><strong>omnibus</strong></span> <span class='ocrx_word' id='word_1_187' title='bbox 1342 2506 1538 2573; x_wconf 89' lang='lat' dir='ltr'><strong>rebus,</strong></span> <span class='ocrx_word' id='word_1_188' title='bbox 1569 2524 1715 2581; x_wconf 84' lang='lat' dir='ltr'><strong>quas</strong></span> <span class='ocrx_word' id='word_1_189' title='bbox 1747 2505 1893 2562; x_wconf 89' lang='lat' dir='ltr'><strong>mibi</strong></span> <span class='ocrx_word' id='word_1_190' title='bbox 1927 2518 2029 2563; x_wconf 86' lang='lat' dir='ltr'><strong>aut</strong></span> <span class='ocrx_word' id='word_1_191' title='bbox 2056 2506 2311 2575; x_wconf 85' lang='lat' dir='ltr'><strong>fortuna,</strong></span> 
     </span>
     <span class='ocr_line' id='line_1_24' title="bbox 413 2599 2312 2679; baseline 0 -20"><span class='ocrx_word' id='word_1_192' title='bbox 413 2613 514 2659; x_wconf 76' lang='lat' dir='ltr'><strong>aut</strong></span> <span class='ocrx_word' id='word_1_193' title='bbox 546 2614 756 2659; x_wconf 84' lang='lat' dir='ltr'><strong>natura</strong></span> <span class='ocrx_word' id='word_1_194' title='bbox 781 2600 1003 2669; x_wconf 87' lang='lat' dir='ltr'><strong>tribuit,</strong></span> <span class='ocrx_word' id='word_1_195' title='bbox 1031 2599 1178 2657; x_wconf 90' lang='lat' dir='ltr'><strong>nihil</strong></span> <span class='ocrx_word' id='word_1_196' title='bbox 1201 2600 1411 2668; x_wconf 88' lang='lat' dir='ltr'><strong>habeo,</strong></span> <span class='ocrx_word' id='word_1_197' title='bbox 1440 2599 1601 2677; x_wconf 90' lang='lat' dir='ltr'><strong>quod</strong></span> <span class='ocrx_word' id='word_1_198' title='bbox 1630 2619 1767 2657; x_wconf 89' lang='lat' dir='ltr'><strong>cum</strong></span> <span class='ocrx_word' id='word_1_199' title='bbox 1796 2600 2053 2659; x_wconf 87' lang='lat' dir='ltr'><strong>amicitia</strong></span> <span class='ocrx_word' id='word_1_200' title='bbox 2080 2600 2312 2679; x_wconf 88' lang='lat' dir='ltr'><strong>Scipio-</strong></span> 
     </span>
     <span class='ocr_line' id='line_1_25' title="bbox 409 2690 2310 2774; baseline -0.001 -20"><span class='ocrx_word' id='word_1_201' title='bbox 409 2696 502 2754; x_wconf 87' lang='lat' dir='ltr'><strong>nis</strong></span> <span class='ocrx_word' id='word_1_202' title='bbox 531 2696 757 2774; x_wconf 89' lang='lat' dir='ltr'><strong>possim</strong></span> <span class='ocrx_word' id='word_1_203' title='bbox 786 2690 1148 2773; x_wconf 84' lang='lat' dir='ltr'><strong>comparare.</strong></span> <span class='ocrx_word' id='word_1_204' title='bbox 1227 2694 1299 2751; x_wconf 90' lang='lat' dir='ltr'><strong>In</strong></span> <span class='ocrx_word' id='word_1_205' title='bbox 1326 2695 1441 2753; x_wconf 88' lang='lat' dir='ltr'><strong>hac</strong></span> <span class='ocrx_word' id='word_1_206' title='bbox 1467 2694 1612 2752; x_wconf 87' lang='lat' dir='ltr'><strong>mihi</strong></span> <span class='ocrx_word' id='word_1_207' title='bbox 1633 2694 1709 2752; x_wconf 89' lang='lat' dir='ltr'><strong>de</strong></span> <span class='ocrx_word' id='word_1_208' title='bbox 1738 2695 2043 2772; x_wconf 89' lang='lat' dir='ltr'><strong>republica</strong></span> <span class='ocrx_word' id='word_1_209' title='bbox 2070 2712 2310 2753; x_wconf 85' lang='lat' dir='ltr'><strong>consen·</strong></span> 
     </span>
     <span class='ocr_line' id='line_1_26' title="bbox 407 2786 2309 2867; baseline -0.002 -17"><span class='ocrx_word' id='word_1_210' title='bbox 407 2811 528 2861; x_wconf 87' lang='lat' dir='ltr'><strong>sus,</strong></span> <span class='ocrx_word' id='word_1_211' title='bbox 550 2791 610 2849; x_wconf 89' lang='lat' dir='ltr'><strong>in</strong></span> <span class='ocrx_word' id='word_1_212' title='bbox 637 2792 749 2848; x_wconf 88' lang='lat' dir='ltr'><strong>bac</strong></span> <span class='ocrx_word' id='word_1_213' title='bbox 775 2808 976 2849; x_wconf 85' lang='lat' dir='ltr'><strong>rerum</strong></span> <span class='ocrx_word' id='word_1_214' title='bbox 1002 2789 1365 2867; x_wconf 84' lang='lat' dir='ltr'><strong>privatarum</strong></span> <span class='ocrx_word' id='word_1_215' title='bbox 1392 2786 1723 2858; x_wconf 85' lang='lat' dir='ltr'><strong>consilium,</strong></span> <span class='ocrx_word' id='word_1_216' title='bbox 1744 2789 1805 2846; x_wconf 87' lang='lat' dir='ltr'><strong>in</strong></span> <span class='ocrx_word' id='word_1_217' title='bbox 1835 2789 2044 2847; x_wconf 87' lang='lat' dir='ltr'><strong>eadem</strong></span> <span class='ocrx_word' id='word_1_218' title='bbox 2072 2791 2309 2867; x_wconf 81' lang='lat' dir='ltr'><strong>requies</strong></span> 
     </span>
     <span class='ocr_line' id='line_1_27' title="bbox 407 2882 2307 2966; baseline -0.001 -23"><span class='ocrx_word' id='word_1_219' title='bbox 407 2888 590 2966; x_wconf 86' lang='lat' dir='ltr'><strong>plena</strong></span> <span class='ocrx_word' id='word_1_220' title='bbox 616 2884 1028 2945; x_wconf 86' lang='lat' dir='ltr'><strong>oblectationis</strong></span> <span class='ocrx_word' id='word_1_221' title='bbox 1045 2882 1172 2943; x_wconf 84' lang='lat' dir='ltr'><strong>fuit.</strong></span> <span class='ocrx_word' id='word_1_222' title='bbox 1256 2884 1583 2960; x_wconf 87' lang='lat' dir='ltr'><strong>Nunquam</strong></span> <span class='ocrx_word' id='word_1_223' title='bbox 1611 2884 1779 2942; x_wconf 88' lang='lat' dir='ltr'><strong>illum</strong></span> <span class='ocrx_word' id='word_1_224' title='bbox 1808 2902 1887 2942; x_wconf 89' lang='lat' dir='ltr'><strong>ne</strong></span> <span class='ocrx_word' id='word_1_225' title='bbox 1914 2884 2162 2942; x_wconf 87' lang='lat' dir='ltr'><strong>minima</strong></span> <span class='ocrx_word' id='word_1_226' title='bbox 2184 2885 2307 2962; x_wconf 86' lang='lat' dir='ltr'><strong>qui-</strong></span> 
     </span>
     <span class='ocr_line' id='line_1_28' title="bbox 407 2977 2307 3057; baseline -0.002 -16"><span class='ocrx_word' id='word_1_227' title='bbox 407 2982 547 3041; x_wconf 89' lang='lat' dir='ltr'><strong>dem</strong></span> <span class='ocrx_word' id='word_1_228' title='bbox 575 3002 642 3040; x_wconf 87' lang='lat' dir='ltr'><strong>re</strong></span> <span class='ocrx_word' id='word_1_229' title='bbox 673 2979 906 3049; x_wconf 85' lang='lat' dir='ltr'><strong>offendi,</strong></span> <span class='ocrx_word' id='word_1_230' title='bbox 931 2978 1088 3057; x_wconf 90' lang='lat' dir='ltr'><strong>quod</strong></span> <span class='ocrx_word' id='word_1_231' title='bbox 1111 2977 1352 3055; x_wconf 87' lang='lat' dir='ltr'><strong>quidem</strong></span> <span class='ocrx_word' id='word_1_232' title='bbox 1378 2980 1697 3050; x_wconf 88' lang='lat' dir='ltr'><strong>senserim;</strong></span> <span class='ocrx_word' id='word_1_233' title='bbox 1731 2978 1877 3036; x_wconf 85' lang='lat' dir='ltr'><strong>nihil</strong></span> <span class='ocrx_word' id='word_1_234' title='bbox 1904 2979 2104 3037; x_wconf 82' lang='lat' dir='ltr'><strong>audivi</strong></span> <span class='ocrx_word' id='word_1_235' title='bbox 2130 3000 2209 3037; x_wconf 84' lang='lat' dir='ltr'><strong>ex</strong></span> <span class='ocrx_word' id='word_1_236' title='bbox 2236 3000 2307 3038; x_wconf 87' lang='lat' dir='ltr'><strong>eo</strong></span> 
     </span>
     <span class='ocr_line' id='line_1_29' title="bbox 403 3073 2305 3156; baseline -0.002 -19"><span class='ocrx_word' id='word_1_237' title='bbox 403 3078 558 3156; x_wconf 86' lang='lat' dir='ltr'><strong>ipse,</strong></span> <span class='ocrx_word' id='word_1_238' title='bbox 585 3077 746 3155; x_wconf 84' lang='lat' dir='ltr'><strong>quod</strong></span> <span class='ocrx_word' id='word_1_239' title='bbox 775 3077 1014 3136; x_wconf 88' lang='lat' dir='ltr'><strong>nollem.</strong></span> <span class='ocrx_word' id='word_1_240' title='bbox 1094 3075 1238 3134; x_wconf 86' lang='lat' dir='ltr'><strong>Una</strong></span> <span class='ocrx_word' id='word_1_241' title='bbox 1270 3073 1480 3131; x_wconf 89' lang='lat' dir='ltr'><strong>domus</strong></span> <span class='ocrx_word' id='word_1_242' title='bbox 1518 3085 1659 3143; x_wconf 87' lang='lat' dir='ltr'><strong>erat,</strong></span> <span class='ocrx_word' id='word_1_243' title='bbox 1693 3073 1855 3132; x_wconf 89' lang='lat' dir='ltr'><strong>idem</strong></span> <span class='ocrx_word' id='word_1_244' title='bbox 1886 3073 2098 3144; x_wconf 75' lang='lat' dir='ltr'><strong>victus,</strong></span> <span class='ocrx_word' id='word_1_245' title='bbox 2130 3074 2305 3152; x_wconf 89' lang='lat' dir='ltr'><strong>isque</strong></span> 
     </span>
     <span class='ocr_line' id='line_1_30' title="bbox 405 3168 2305 3248; baseline -0.001 -18"><span class='ocrx_word' id='word_1_246' title='bbox 405 3173 736 3230; x_wconf 86' lang='lat' dir='ltr'><strong>communis</strong></span> <span class='ocrx_word' id='word_1_247' title='bbox 759 3195 774 3241; x_wconf 86' lang='lat'>;</span> <span class='ocrx_word' id='word_1_248' title='bbox 832 3190 1032 3248; x_wconf 87' lang='lat' dir='ltr'><strong>neque</strong></span> <span class='ocrx_word' id='word_1_249' title='bbox 1079 3170 1269 3228; x_wconf 88' lang='lat' dir='ltr'><strong>solum</strong></span> <span class='ocrx_word' id='word_1_250' title='bbox 1316 3168 1543 3239; x_wconf 89' lang='lat' dir='ltr'><strong>militia,</strong></span> <span class='ocrx_word' id='word_1_251' title='bbox 1585 3169 1693 3227; x_wconf 88' lang='lat' dir='ltr'><strong>sed</strong></span> <span class='ocrx_word' id='word_1_252' title='bbox 1738 3168 1915 3226; x_wconf 86' lang='lat' dir='ltr'><strong>etiam</strong></span> <span class='ocrx_word' id='word_1_253' title='bbox 1963 3169 2305 3247; x_wconf 85' lang='lat' dir='ltr'><strong>peregrina-</strong></span> 
     </span>
     <span class='ocr_line' id='line_1_31' title="bbox 403 3263 2304 3343; baseline -0.001 -19"><span class='ocrx_word' id='word_1_254' title='bbox 403 3266 611 3334; x_wconf 87' lang='lat' dir='ltr'><strong>tiones,</strong></span> <span class='ocrx_word' id='word_1_255' title='bbox 627 3265 1156 3341; x_wconf 84' lang='lat' dir='ltr'><strong>rusticationesque</strong></span> <span class='ocrx_word' id='word_1_256' title='bbox 1175 3284 1537 3343; x_wconf 73' lang='lat' dir='ltr'><strong>communeS.</strong></span> <span class='ocrx_word' id='word_1_257' title='bbox 1605 3268 1735 3322; x_wconf 83' lang='lat'>104.</span> <span class='ocrx_word' id='word_1_258' title='bbox 1757 3263 1917 3322; x_wconf 88' lang='lat' dir='ltr'><strong>Nam</strong></span> <span class='ocrx_word' id='word_1_259' title='bbox 1936 3264 2077 3341; x_wconf 91' lang='lat' dir='ltr'><strong>quid</strong></span> <span class='ocrx_word' id='word_1_260' title='bbox 2094 3284 2213 3342; x_wconf 85' lang='lat' dir='ltr'><strong>ego</strong></span> <span class='ocrx_word' id='word_1_261' title='bbox 2228 3264 2304 3322; x_wconf 88' lang='lat' dir='ltr'><strong>de</strong></span> 
     </span>
     <span class='ocr_line' id='line_1_32' title="bbox 403 3359 2304 3438; baseline 0.001 -20"><span class='ocrx_word' id='word_1_262' title='bbox 403 3360 614 3419; x_wconf 87' lang='lat' dir='ltr'><strong>studiis</strong></span> <span class='ocrx_word' id='word_1_263' title='bbox 633 3359 828 3417; x_wconf 89' lang='lat' dir='ltr'><strong>dicam</strong></span> <span class='ocrx_word' id='word_1_264' title='bbox 847 3360 1245 3437; x_wconf 82' lang='lat' dir='ltr'><strong>cognoscendi</strong></span> <span class='ocrx_word' id='word_1_265' title='bbox 1268 3380 1507 3438; x_wconf 84' lang='lat' dir='ltr'><strong>semper</strong></span> <span class='ocrx_word' id='word_1_266' title='bbox 1533 3360 1775 3437; x_wconf 88' lang='lat' dir='ltr'><strong>aliquid,</strong></span> <span class='ocrx_word' id='word_1_267' title='bbox 1797 3374 1971 3438; x_wconf 85' lang='lat' dir='ltr'><strong>atque</strong></span> <span class='ocrx_word' id='word_1_268' title='bbox 1994 3361 2261 3419; x_wconf 85' lang='lat' dir='ltr'><strong>discendi</strong></span> <span class='ocrx_word' id='word_1_269' title='bbox 2280 3362 2304 3419; x_wconf 69' lang='lat'><strong>‘3</strong></span> 
     </span>
     <span class='ocr_line' id='line_1_33' title="bbox 403 3454 2303 3537; baseline 0.001 -24"><span class='ocrx_word' id='word_1_270' title='bbox 403 3454 464 3513; x_wconf 89' lang='lat' dir='ltr'><strong>in</strong></span> <span class='ocrx_word' id='word_1_271' title='bbox 497 3454 712 3537; x_wconf 88' lang='lat' dir='ltr'><strong>quibus</strong></span> <span class='ocrx_word' id='word_1_272' title='bbox 745 3454 957 3512; x_wconf 90' lang='lat' dir='ltr'><strong>remoti</strong></span> <span class='ocrx_word' id='word_1_273' title='bbox 991 3454 1066 3511; x_wconf 95' lang='lat' dir='ltr'><strong>ab</strong></span> <span class='ocrx_word' id='word_1_274' title='bbox 1101 3454 1288 3515; x_wconf 85' lang='lat' dir='ltr'><strong>oculis</strong></span> <span class='ocrx_word' id='word_1_275' title='bbox 1320 3456 1523 3535; x_wconf 87' lang='lat' dir='ltr'><strong>populi</strong></span> <span class='ocrx_word' id='word_1_276' title='bbox 1558 3476 1733 3514; x_wconf 86' lang='lat' dir='ltr'><strong>omne</strong></span> <span class='ocrx_word' id='word_1_277' title='bbox 1774 3456 2029 3515; x_wconf 88' lang='lat' dir='ltr'><strong>otiosum</strong></span> <span class='ocrx_word' id='word_1_278' title='bbox 2068 3469 2303 3535; x_wconf 87' lang='lat' dir='ltr'><strong>tempus</strong></span> 
     </span>
     <span class='ocr_line' id='line_1_34' title="bbox 403 3549 2305 3625; baseline 0.001 -14"><span class='ocrx_word' id='word_1_279' title='bbox 403 3550 803 3611; x_wconf 83' lang='lat' dir='ltr'><strong>contrivimus.</strong></span> <span class='ocrx_word' id='word_1_280' title='bbox 883 3549 1162 3621; x_wconf 82' lang='lat' dir='ltr'><strong>Quarum</strong></span> <span class='ocrx_word' id='word_1_281' title='bbox 1200 3572 1405 3611; x_wconf 83' lang='lat' dir='ltr'><strong>rerum</strong></span> <span class='ocrx_word' id='word_1_282' title='bbox 1444 3552 1775 3611; x_wconf 82' lang='lat' dir='ltr'><strong>recordatio</strong></span> <span class='ocrx_word' id='word_1_283' title='bbox 1814 3566 1874 3612; x_wconf 88' lang='lat' dir='ltr'><strong>et</strong></span> <span class='ocrx_word' id='word_1_284' title='bbox 1910 3555 2218 3625; x_wconf 86' lang='lat' dir='ltr'><strong>memoria,</strong></span> <span class='ocrx_word' id='word_1_285' title='bbox 2254 3555 2305 3613; x_wconf 88' lang='lat' dir='ltr'><strong>si</strong></span> 
     </span>
     <span class='ocr_line' id='line_1_35' title="bbox 401 3645 2303 3727; baseline 0.001 -20"><span class='ocrx_word' id='word_1_286' title='bbox 401 3665 522 3707; x_wconf 85' lang='lat' dir='ltr'><strong>una</strong></span> <span class='ocrx_word' id='word_1_287' title='bbox 553 3666 688 3705; x_wconf 90' lang='lat' dir='ltr'><strong>cum</strong></span> <span class='ocrx_word' id='word_1_288' title='bbox 723 3646 828 3705; x_wconf 88' lang='lat' dir='ltr'><strong>illo</strong></span> <span class='ocrx_word' id='word_1_289' title='bbox 867 3645 1192 3715; x_wconf 83' lang='lat' dir='ltr'><strong>occidisset,</strong></span> <span class='ocrx_word' id='word_1_290' title='bbox 1221 3646 1587 3706; x_wconf 86' lang='lat' dir='ltr'><strong>desiderium</strong></span> <span class='ocrx_word' id='word_1_291' title='bbox 1624 3647 2087 3727; x_wconf 83' lang='lat' dir='ltr'><strong>conjunctissimi</strong></span> <span class='ocrx_word' id='word_1_292' title='bbox 2124 3663 2303 3727; x_wconf 84' lang='lat' dir='ltr'><strong>atque</strong></span> 
     </span>
     <span class='ocr_line' id='line_1_36' title="bbox 403 3730 2302 3822; baseline 0.001 -22"><span class='ocrx_word' id='word_1_293' title='bbox 403 3741 790 3801; x_wconf 85' lang='lat' dir='ltr'><strong>amantissimi</strong></span> <span class='ocrx_word' id='word_1_294' title='bbox 821 3730 934 3799; x_wconf 77' lang='lat' dir='ltr'><strong>viri</strong></span> <span class='ocrx_word' id='word_1_295' title='bbox 959 3740 1118 3800; x_wconf 83' lang='lat' dir='ltr'><strong>ferre</strong></span> <span class='ocrx_word' id='word_1_296' title='bbox 1151 3742 1318 3801; x_wconf 89' lang='lat' dir='ltr'><strong>nullo</strong></span> <span class='ocrx_word' id='word_1_297' title='bbox 1353 3742 1531 3802; x_wconf 86' lang='lat' dir='ltr'><strong>modo</strong></span> <span class='ocrx_word' id='word_1_298' title='bbox 1562 3762 1816 3822; x_wconf 86' lang='lat' dir='ltr'><strong>possem.</strong></span> <span class='ocrx_word' id='word_1_299' title='bbox 1896 3743 2021 3803; x_wconf 84' lang='lat' dir='ltr'><strong>Sed</strong></span> <span class='ocrx_word' id='word_1_300' title='bbox 2053 3764 2165 3803; x_wconf 84' lang='lat' dir='ltr'><strong>nec</strong></span> <span class='ocrx_word' id='word_1_301' title='bbox 2199 3744 2302 3802; x_wconf 84' lang='lat' dir='ltr'><strong>illa</strong></span> 
     </span>
    </p>
   </div>
  </div>
 </body>
</html>
