2525 4409
458 375 541 432 98
740 337 754 359 ’
1150 385 1216 426 n.
1248 385 1310 426 T.
1345 382 1670 426 monnulus

456 521 675 602 partim
692 518 977 596 obliquos,
998 515 1215 595 partim
1235 528 1621 584 transversos,
1639 513 1860 594 partim
1881 513 2062 574 etiam
2083 515 2366 575 adversos

458 629 614 674 stare
643 614 843 671 vobis:
888 633 923 670 a
943 611 1158 690 quibus
1184 623 1508 689 expectare
1537 609 1787 688 gloriam
1815 623 1977 668 certe
1991 611 2236 668 'nullam
2263 631 2366 689 po-

458 708 641 768 testis.
724 707 935 765 Cernis
980 719 1177 766 autem
1220 705 1478 764 eandem
1523 718 1761 776 terram,
1795 705 1964 783 quasi
2007 707 2367 784 quibusdam

458 803 793 862 redimitam
828 815 889 860 et
922 801 1346 862 circumdatam
1378 800 1662 880 cingulis;
1705 821 1742 858 e
1767 801 1984 878 quibus
2018 801 2168 860 duos
2205 822 2367 860 max-

458 899 577 958 ime
606 898 758 956 inter
790 917 857 956 se
884 897 1169 968 diversos,
1196 909 1263 955 et
1297 897 1436 955 coeli
1462 896 1779 955 verticibus
1811 896 1958 975 ipsis
1995 916 2074 955 ex
2109 909 2365 973 utraque

458 1005 627 1071 parte
662 991 961 1060 subnixos,
996 991 1326 1069 obriguisse
1357 991 1574 1069 pruina
1605 990 1805 1062 vides3
1853 990 2122 1049 medium
2163 1004 2365 1050 autem

460 1088 649 1156 illum,
694 1100 755 1146 et
798 1086 1145 1156 maximum,
1186 1086 1326 1144 solis
1375 1085 1586 1144 ardore
1634 1086 1882 1144 torreri:
1941 1086 2092 1144 duos
2134 1087 2363 1145 habita-

460 1179 627 1248 biles,
654 1200 905 1257 quorum
932 1179 1203 1238 australis
1238 1178 1362 1248 ille,
1395 1177 1460 1236 in
1495 1198 1616 1256 quo
1653 1177 1756 1255 qui
1787 1178 2082 1248 insistunt,
2115 1178 2366 1238 adversa

460 1275 623 1334 vobis
664 1287 879 1353 urgent
904 1275 1172 1351 vestigia,
1205 1274 1354 1330 nihil
1395 1272 1472 1330 ad
1501 1287 1765 1332 vestrum
1806 1293 2014 1352 genus.
2047 1297 2053 1304 ·
2096 1273 2226 1332 Hic
2267 1293 2363 1330 au-

460 1383 587 1428 tem
620 1372 771 1430 alter
802 1369 1106 1446 subjectus
1142 1366 1422 1444 aquiloni,
1451 1389 1634 1443 quem
1658 1367 1932 1436 incolitis,
1960 1387 2158 1435 cerne,
2189 1388 2368 1444 quam

460 1465 627 1523 tenui
653 1485 757 1524 vos
784 1476 953 1542 parte
987 1461 1291 1538 contingat
1309 1483 1326 1517 z
1367 1461 1558 1519 omnis
1587 1460 1748 1518 enim
1775 1473 1953 1528 terra,
1971 1469 2116 1536 'quae
2151 1460 2370 1542 colinu-

462 1579 499 1617 a
525 1561 711 1630 vobis,
734 1571 983 1638 angusta
1004 1555 1342 1624 verticibus,
1363 1554 1648 1615 lateribus
1674 1553 1866 1624 latior,
1887 1574 2069 1633 parva
2093 1554 2370 1634 quaedam

462 1654 657 1713 insula
696 1666 807 1723 est,
842 1652 1199 1733 circumfusa
1236 1649 1344 1709 illo
1391 1649 1559 1719 mari,
1593 1647 1753 1726 quod
1783 1649 2177 1721 Atlanticum,
2211 1651 2369 1728 quod

464 1749 779 1826 Magnum,
806 1769 983 1824 quem
1009 1747 1320 1806 Oceanum
1347 1745 1660 1824 appellatis
1687 1745 1750 1802 in
1776 1745 1992 1804 terrisz'
2031 1745 2135 1822 qui
2148 1757 2374 1817 tamen,

464 1854 623 1900 tanto
650 1842 909 1912 nomine,
938 1861 1115 1919 quam
1144 1842 1220 1900 sit
1247 1861 1480 1923 parvus,
1505 1841 1688 1900 vides.
1770 1840 1872 1898 Ex
1899 1839 2369 1919 his.ips,is,cultis

463 1936 738 2012 notisque
786 1936 973 2006 terris,
1008 1956 1177 1998 num,
1199 1949 1304 1995 aut
1347 1949 1518 1996 tuum
1563 1949 1667 1994 aut
1713 1936 2062 2014 cujusquam
2101 1949 2370 2004 uestitum

464 2049 699 2100 nomen,
734 2031 828 2088 vel
862 2030 1197 2090 Caucasum
1244 2031 1422 2100 hunc,
1465 2051 1645 2109 quem
1691 2030 1904 2101 cernis,
1947 2030 2372 2094 transcendere

464 2125 681 2206 potuit,
730 2128 825 2186 vel
882 2126 1054 2185 illum
1102 2126 1380 2206 Gangem
1433 2126 1712 2186 tranare‘l
1810 2125 1967 2198 Quis
2015 2125 2076 2183 in
2121 2126 2371 2204 reliquis

464 2222 723 2293 orientis,
758 2235 857 2282 aut
890 2221 1165 2282 obeuntis
1196 2221 1338 2280 solis
1369 2221 1602 2299 ultimis,
1638 2233 1740 2280 aut
1771 2221 2080 2299 aquilonis,
2115 2220 2372 2280 austrive

464 2319 735 2397 partibus
767 2332 937 2378 tuum
962 2337 1185 2378 nomen
1212 2317 1461 2378 audiet‘l
1542 2317 1784 2390 Quibus
1817 2315 2150 2395 amputatis,
2179 2317 2374 2374 cernis

467 2414 748 2489 profecte,
771 2413 1003 2490 quantis
1029 2414 1090 2472 in
1118 2413 1406 2491 angustiis
1423 2424 1621 2472 vestra
1645 2433 1710 2471 se
1738 2412 1927 2490 gloria
1955 2411 2190 2470 dilatari
2211 2411 2374 2470 velit.

470 2505 597 2583 Ipsi
626 2519 841 2576 autem,
870 2508 974 2583 qui
1000 2507 1077 2566 de
1102 2508 1272 2567 vobis
1297 2509 1640 2584 loquuntur,
1667 2517 1860 2584 quam·
1875 2507 1978 2565 diu
2005 2507 2376 2584 loquentur?

550 2695 697 2754 VII.
738 2695 1107 2768 Quinetiam,
1134 2697 1185 2756 si
1216 2697 1422 2777 cupiat
1454 2698 1654 2777 proles
1686 2697 1792 2755 illa
1821 2697 2154 2756 futurorum
2183 2697 2378 2755 homi-

470 2811 615 2851 num
648 2792 931 2872 deinceps
964 2791 1171 2866 laudes
1206 2793 1678 2873 ,uniuscujusque
1716 2805 1988 2854 nostrum
2029 2811 2066 2850 a
2107 2792 2382 2872 patribus

474 2900 747 2966 acceptas
775 2888 1024 2969 posteris
1052 2887 1343 2967 prodere;
1376 2900 1574 2945 tamen
1595 2898 1842 2967 propter
1869 2886 2170 2945 eluviones
2198 2906 2384 2944 exus-

472 2983 779 3061 tionesque
814 2996 1126 3052 terrarum,
1155 3001 1302 3059 quas
1337 2982 1612 3042 accidere
1637 2993 1907 3061 tempore
1935 2994 2100 3043 certo
2123 3001 2384 3041 necesse

471 3092 582 3149 est,
612 3099 737 3138 non
777 3078 973 3142 mode,
996 3089 1298 3148 aeternam,
1339 3077 1450 3135 sed
1475 3097 1558 3136 ne
1593 3077 1931 3136 diuturnam
1963 3075 2208 3153 quidem
2251 3077 2386 3154 glo-

472 3172 621 3232 riam
670 3174 908 3251 assequi
956 3191 1288 3252 possumus.
1385 3171 1557 3244 Quid
1603 3183 1802 3230 autem
1855 3171 2121 3239 interest,
2165 3171 2242 3229 ab
2283 3171 2387 3242 iis,

474 3267 579 3342 qui
619 3280 825 3345 postea
864 3281 1200 3338 nascentur,
1234 3287 1574 3326 sermonem
1607 3267 1736 3326 fore
1777 3266 1856 3324 de
1897 3278 1979 3336 te,
2013 3287 2150 3324 cum
2193 3268 2280 3326 ab
2311 3267 2388 3326 iis

473 3362 674 3418 nullus
694 3360 893 3430 fuerit,
913 3362 1013 3439 qui
1036 3375 1173 3422 ante
1192 3362 1313 3421 nati
1329 3375 1469 3422 sunt
1482 3364 1506 3424 ‘l
1521 3361 1626 3440 qui
1651 3382 1766 3420 nec
1786 3361 2118 3441 pauciores,
2135 3373 2193 3420 et
2217 3375 2390 3422 certe

474 3455 755 3514 meliores
788 3455 1023 3540 fuerunt
1054 3457 1202 3516 viri:
1253 3477 1392 3516 cum
1424 3455 1756 3537 praesertim
1799 3457 1962 3534 apud
1995 3477 2099 3516 eos
2133 3457 2322 3534 ipsos,
2355 3479 2396 3518 a

475 3552 689 3630 quibus
737 3549 928 3609 audiri
968 3571 1187 3614 nomen
1232 3565 1502 3612 nostrum
1550 3563 1760 3630 potest,
1795 3571 1972 3610 nemo
2019 3551 2195 3612 unius
2249 3554 2396 3612 anni

474 3647 826 3707 memoriam
872 3647 1157 3724 consequi
1197 3647 1422 3725 possit:
1487 3647 1758 3706 homines
1807 3647 1968 3706 enim
2013 3649 2398 3728 populariter

478 3761 699 3805 annum
724 3742 1139 3813 tantummodo
1165 3741 1326 3814 solis,
1354 3741 1416 3800 id
1445 3753 1557 3813 est,
1585 3742 1762 3810 unius
1790 3742 1954 3813 astri,
1980 3742 2190 3802 reditu
2219 3745 2398 3804 meti-
