<?xml version="1.0" encoding="UTF-8"?>
<!DOCTYPE html PUBLIC "-//W3C//DTD XHTML 1.0 Transitional//EN"
    "http://www.w3.org/TR/xhtml1/DTD/xhtml1-transitional.dtd">
<html xmlns="http://www.w3.org/1999/xhtml" xml:lang="en" lang="en">
 <head>
  <title>
</title>
<meta http-equiv="Content-Type" content="text/html;charset=utf-8" />
  <meta name='ocr-system' content='tesseract 3.04.00' />
  <meta name='ocr-capabilities' content='ocr_page ocr_carea ocr_par ocr_line ocrx_word'/>
</head>
<body>
  <div class='ocr_page' id='page_1' title='image "./desenectutedeam02anthgoog_0132.png"; bbox 0 0 2525 4409; ppageno 0'>
   <div class='ocr_carea' id='block_1_1' title="bbox 419 383 1665 440">
    <p class='ocr_par' dir='ltr' id='par_1_1' title="bbox 419 383 1665 440">
     <span class='ocr_line' id='line_1_1' title="bbox 419 383 1665 440; baseline -0.008 0"><span class='ocrx_word' id='word_1_1' title='bbox 419 383 536 440; x_wconf 85' lang='lat'><strong>110</strong></span> <span class='ocrx_word' id='word_1_2' title='bbox 1069 389 1365 436; x_wconf 63' lang='lat' dir='ltr'><strong>constan</strong></span> <span class='ocrx_word' id='word_1_3' title='bbox 1402 389 1665 432; x_wconf 64' lang='lat' dir='ltr'><strong>auroris</strong></span> 
     </span>
    </p>
   </div>
   <div class='ocr_carea' id='block_1_2' title="bbox 413 520 2325 702">
    <p class='ocr_par' dir='ltr' id='par_1_2' title="bbox 413 520 2325 702">
     <span class='ocr_line' id='line_1_2' title="bbox 414 520 2325 606; baseline -0.002 -20"><span class='ocrx_word' id='word_1_4' title='bbox 414 527 604 606; x_wconf 85' lang='lat' dir='ltr'><strong>magis</strong></span> <span class='ocrx_word' id='word_1_5' title='bbox 648 524 874 606; x_wconf 88' lang='lat' dir='ltr'><strong>potenti</strong></span> <span class='ocrx_word' id='word_1_6' title='bbox 921 522 1196 584; x_wconf 82' lang='lat' dir='ltr'><strong>adulatus</strong></span> <span class='ocrx_word' id='word_1_7' title='bbox 1249 536 1345 582; x_wconf 86' lang='lat' dir='ltr'><strong>est</strong></span> <span class='ocrx_word' id='word_1_8' title='bbox 1388 520 1671 592; x_wconf 87' lang='lat' dir='ltr'><strong>Antonio,</strong></span> <span class='ocrx_word' id='word_1_9' title='bbox 1720 534 1917 600; x_wconf 85' lang='lat' dir='ltr'><strong>neque</strong></span> <span class='ocrx_word' id='word_1_10' title='bbox 1965 521 2325 602; x_wconf 87' lang='lat' dir='ltr'><strong>desperatos</strong></span> 
     </span>
     <span class='ocr_line' id='line_1_3' title="bbox 413 623 671 702; baseline -0.019 -18"><span class='ocrx_word' id='word_1_11' title='bbox 413 623 671 702; x_wconf 86' lang='lat' dir='ltr'><strong>reliquit.</strong></span> 
     </span>
    </p>
   </div>
   <div class='ocr_carea' id='block_1_3' title="bbox 407 809 2325 3739">
    <p class='ocr_par' dir='ltr' id='par_1_3' title="bbox 407 809 2325 3739">
     <span class='ocr_line' id='line_1_4' title="bbox 492 809 2323 890; baseline -0.002 -18"><span class='ocrx_word' id='word_1_12' title='bbox 492 813 608 872; x_wconf 82' lang='lat' dir='ltr'><strong>lx.</strong></span> <span class='ocrx_word' id='word_1_13' title='bbox 651 812 940 872; x_wconf 85' lang='lat' dir='ltr'><strong>Secutum</strong></span> <span class='ocrx_word' id='word_1_14' title='bbox 979 824 1072 872; x_wconf 82' lang='lat' dir='ltr'><strong>est</strong></span> <span class='ocrx_word' id='word_1_15' title='bbox 1101 811 1329 871; x_wconf 86' lang='lat' dir='ltr'><strong>bellum</strong></span> <span class='ocrx_word' id='word_1_16' title='bbox 1378 823 1610 890; x_wconf 77' lang='lat' dir='ltr'><strong>gestum</strong></span> <span class='ocrx_word' id='word_1_17' title='bbox 1652 809 1810 889; x_wconf 89' lang='lat' dir='ltr'><strong>apud</strong></span> <span class='ocrx_word' id='word_1_18' title='bbox 1847 809 2162 872; x_wconf 83' lang='lat' dir='ltr'><strong>Mutinam.</strong></span> <span class='ocrx_word' id='word_1_19' title='bbox 2246 810 2323 868; x_wconf 90' lang='lat' dir='ltr'><strong>In</strong></span> 
     </span>
     <span class='ocr_line' id='line_1_5' title="bbox 413 905 2322 986; baseline -0.002 -19"><span class='ocrx_word' id='word_1_20' title='bbox 413 930 534 986; x_wconf 89' lang='lat' dir='ltr'><strong>quo</strong></span> <span class='ocrx_word' id='word_1_21' title='bbox 573 909 624 967; x_wconf 84' lang='lat' dir='ltr'><strong>si</strong></span> <span class='ocrx_word' id='word_1_22' title='bbox 653 919 882 968; x_wconf 87' lang='lat' dir='ltr'><strong>tantum</strong></span> <span class='ocrx_word' id='word_1_23' title='bbox 923 927 1062 967; x_wconf 86' lang='lat' dir='ltr'><strong>eum</strong></span> <span class='ocrx_word' id='word_1_24' title='bbox 1101 905 1461 986; x_wconf 81' lang='lat' dir='ltr'><strong>prudentem</strong></span> <span class='ocrx_word' id='word_1_25' title='bbox 1500 905 1714 976; x_wconf 86' lang='lat' dir='ltr'><strong>dicam,</strong></span> <span class='ocrx_word' id='word_1_26' title='bbox 1746 905 1961 975; x_wconf 82' lang='lat' dir='ltr'><strong>minus,</strong></span> <span class='ocrx_word' id='word_1_27' title='bbox 1990 924 2171 982; x_wconf 87' lang='lat' dir='ltr'><strong>quam</strong></span> <span class='ocrx_word' id='word_1_28' title='bbox 2214 905 2322 963; x_wconf 90' lang='lat' dir='ltr'><strong>de-</strong></span> 
     </span>
     <span class='ocr_line' id='line_1_6' title="bbox 411 999 2321 1083; baseline -0.002 -21"><span class='ocrx_word' id='word_1_29' title='bbox 411 1005 606 1074; x_wconf 88' lang='lat' dir='ltr'><strong>beam,</strong></span> <span class='ocrx_word' id='word_1_30' title='bbox 633 1003 976 1083; x_wconf 80' lang='lat' dir='ltr'><strong>praedicem,</strong></span> <span class='ocrx_word' id='word_1_31' title='bbox 999 1023 1182 1081; x_wconf 82' lang='lat' dir='ltr'><strong>quum</strong></span> <span class='ocrx_word' id='word_1_32' title='bbox 1209 1002 1315 1060; x_wconf 87' lang='lat' dir='ltr'><strong>ille</strong></span> <span class='ocrx_word' id='word_1_33' title='bbox 1343 1000 1543 1080; x_wconf 88' lang='lat' dir='ltr'><strong>potius</strong></span> <span class='ocrx_word' id='word_1_34' title='bbox 1571 1001 1803 1060; x_wconf 86' lang='lat' dir='ltr'><strong>divinus</strong></span> <span class='ocrx_word' id='word_1_35' title='bbox 1828 1000 2044 1060; x_wconf 82' lang='lat' dir='ltr'><strong>fuerit:</strong></span> <span class='ocrx_word' id='word_1_36' title='bbox 2088 1000 2139 1059; x_wconf 87' lang='lat' dir='ltr'><strong>si</strong></span> <span class='ocrx_word' id='word_1_37' title='bbox 2168 999 2321 1059; x_wconf 80' lang='lat' dir='ltr'><strong>divi-</strong></span> 
     </span>
     <span class='ocr_line' id='line_1_7' title="bbox 410 1095 2321 1179; baseline -0.001 -23"><span class='ocrx_word' id='word_1_38' title='bbox 410 1099 574 1158; x_wconf 87' lang='lat' dir='ltr'><strong>natio</strong></span> <span class='ocrx_word' id='word_1_39' title='bbox 601 1099 958 1179; x_wconf 87' lang='lat' dir='ltr'><strong>appellanda</strong></span> <span class='ocrx_word' id='word_1_40' title='bbox 983 1109 1074 1156; x_wconf 89' lang='lat' dir='ltr'><strong>est</strong></span> <span class='ocrx_word' id='word_1_41' title='bbox 1090 1101 1387 1176; x_wconf 79' lang='lat' dir='ltr'><strong>perpetua</strong></span> <span class='ocrx_word' id='word_1_42' title='bbox 1405 1095 1688 1154; x_wconf 84' lang='lat' dir='ltr'><strong>naturalis</strong></span> <span class='ocrx_word' id='word_1_43' title='bbox 1708 1096 1953 1159; x_wconf 84' lang='lat' dir='ltr'><strong>bonitas.</strong></span> <span class='ocrx_word' id='word_1_44' title='bbox 1971 1115 2107 1174; x_wconf 87' lang='lat' dir='ltr'><strong>quae</strong></span> <span class='ocrx_word' id='word_1_45' title='bbox 2136 1095 2321 1154; x_wconf 88' lang='lat' dir='ltr'><strong>nullis</strong></span> 
     </span>
     <span class='ocr_line' id='line_1_8' title="bbox 413 1189 2321 1272; baseline -0.003 -18"><span class='ocrx_word' id='word_1_46' title='bbox 413 1195 650 1254; x_wconf 80' lang='lat' dir='ltr'>casibus</span> <span class='ocrx_word' id='word_1_47' title='bbox 687 1214 882 1270; x_wconf 89' lang='lat' dir='ltr'><strong>neque</strong></span> <span class='ocrx_word' id='word_1_48' title='bbox 923 1192 1136 1272; x_wconf 86' lang='lat' dir='ltr'><strong>agitur,</strong></span> <span class='ocrx_word' id='word_1_49' title='bbox 1161 1211 1362 1268; x_wconf 87' lang='lat' dir='ltr'><strong>neque</strong></span> <span class='ocrx_word' id='word_1_50' title='bbox 1396 1189 1698 1249; x_wconf 89' lang='lat' dir='ltr'><strong>minuitur.</strong></span> <span class='ocrx_word' id='word_1_51' title='bbox 1774 1189 1986 1248; x_wconf 87' lang='lat' dir='ltr'><strong>Hostis</strong></span> <span class='ocrx_word' id='word_1_52' title='bbox 2012 1191 2321 1249; x_wconf 89' lang='lat' dir='ltr'><strong>Antonius</strong></span> 
     </span>
     <span class='ocr_line' id='line_1_9' title="bbox 414 1284 2321 1368; baseline -0.002 -22"><span class='ocrx_word' id='word_1_53' title='bbox 414 1288 717 1368; x_wconf 87' lang='lat' dir='ltr'><strong>j&#39;udicatus</strong></span> <span class='ocrx_word' id='word_1_54' title='bbox 733 1288 907 1346; x_wconf 86' lang='lat' dir='ltr'><strong>Italia</strong></span> <span class='ocrx_word' id='word_1_55' title='bbox 927 1299 1208 1357; x_wconf 80' lang='lat' dir='ltr'><strong>cesserat3</strong></span> <span class='ocrx_word' id='word_1_56' title='bbox 1243 1305 1381 1365; x_wconf 83' lang='lat' dir='ltr'><strong>spes</strong></span> <span class='ocrx_word' id='word_1_57' title='bbox 1400 1285 1757 1344; x_wconf 87' lang='lat' dir='ltr'><strong>restituendi</strong></span> <span class='ocrx_word' id='word_1_58' title='bbox 1775 1285 1939 1343; x_wconf 87' lang='lat' dir='ltr'><strong>nulla</strong></span> <span class='ocrx_word' id='word_1_59' title='bbox 1960 1297 2103 1342; x_wconf 87' lang='lat' dir='ltr'><strong>erat.</strong></span> <span class='ocrx_word' id='word_1_60' title='bbox 2173 1284 2321 1343; x_wconf 88' lang='lat' dir='ltr'><strong>Non</strong></span> 
     </span>
     <span class='ocr_line' id='line_1_10' title="bbox 413 1379 2321 1460; baseline -0.002 -18"><span class='ocrx_word' id='word_1_61' title='bbox 413 1384 604 1442; x_wconf 81' lang='lat' dir='ltr'><strong>solum</strong></span> <span class='ocrx_word' id='word_1_62' title='bbox 631 1382 874 1452; x_wconf 86' lang='lat' dir='ltr'><strong>inimici,</strong></span> <span class='ocrx_word' id='word_1_63' title='bbox 905 1381 1008 1460; x_wconf 88' lang='lat' dir='ltr'><strong>qui</strong></span> <span class='ocrx_word' id='word_1_64' title='bbox 1035 1393 1160 1440; x_wconf 88' lang='lat' dir='ltr'><strong>tum</strong></span> <span class='ocrx_word' id='word_1_65' title='bbox 1193 1393 1363 1440; x_wconf 88' lang='lat' dir='ltr'><strong>erant</strong></span> <span class='ocrx_word' id='word_1_66' title='bbox 1393 1380 1785 1459; x_wconf 76' lang='lat' dir='ltr'><strong>potentissimi</strong></span> <span class='ocrx_word' id='word_1_67' title='bbox 1820 1391 1881 1438; x_wconf 90' lang='lat' dir='ltr'><strong>et</strong></span> <span class='ocrx_word' id='word_1_68' title='bbox 1915 1379 2179 1458; x_wconf 82' lang='lat' dir='ltr'>plurimi,</span> <span class='ocrx_word' id='word_1_69' title='bbox 2208 1389 2321 1438; x_wconf 85' lang='lat' dir='ltr'><strong>sed</strong></span> 
     </span>
     <span class='ocr_line' id='line_1_11' title="bbox 413 1473 2323 1556; baseline -0.002 -20"><span class='ocrx_word' id='word_1_70' title='bbox 413 1479 616 1550; x_wconf 89' lang='lat' dir='ltr'><strong>etiam,</strong></span> <span class='ocrx_word' id='word_1_71' title='bbox 649 1479 752 1556; x_wconf 89' lang='lat' dir='ltr'><strong>qui</strong></span> <span class='ocrx_word' id='word_1_72' title='bbox 785 1477 1134 1536; x_wconf 81' lang='lat' dir='ltr'><strong>adversariis</strong></span> <span class='ocrx_word' id='word_1_73' title='bbox 1179 1477 1312 1556; x_wconf 85' lang='lat' dir='ltr'><strong>ejus</strong></span> <span class='ocrx_word' id='word_1_74' title='bbox 1360 1495 1426 1534; x_wconf 90' lang='lat' dir='ltr'><strong>se</strong></span> <span class='ocrx_word' id='word_1_75' title='bbox 1468 1475 1693 1534; x_wconf 89' lang='lat' dir='ltr'><strong>dabant</strong></span> <span class='ocrx_word' id='word_1_76' title='bbox 1740 1488 1801 1534; x_wconf 90' lang='lat' dir='ltr'><strong>et</strong></span> <span class='ocrx_word' id='word_1_77' title='bbox 1831 1475 1894 1533; x_wconf 92' lang='lat' dir='ltr'><strong>in</strong></span> <span class='ocrx_word' id='word_1_78' title='bbox 1936 1495 2008 1532; x_wconf 91' lang='lat' dir='ltr'><strong>eo</strong></span> <span class='ocrx_word' id='word_1_79' title='bbox 2040 1473 2323 1532; x_wconf 79' lang='lat' dir='ltr'><strong>laedendo</strong></span> 
     </span>
     <span class='ocr_line' id='line_1_12' title="bbox 417 1569 2319 1652; baseline -0.003 -20"><span class='ocrx_word' id='word_1_80' title='bbox 417 1573 676 1652; x_wconf 76' lang='lat' dir='ltr'><strong>aliquam</strong></span> <span class='ocrx_word' id='word_1_81' title='bbox 723 1585 1146 1632; x_wconf 86' lang='lat' dir='ltr'><strong>consecuturos</strong></span> <span class='ocrx_word' id='word_1_82' title='bbox 1191 1571 1513 1650; x_wconf 82' lang='lat' dir='ltr'><strong>sperabant</strong></span> <span class='ocrx_word' id='word_1_83' title='bbox 1558 1569 2154 1640; x_wconf 79' lang='lat' dir='ltr'><strong>commendationem,</strong></span> <span class='ocrx_word' id='word_1_84' title='bbox 2190 1570 2319 1628; x_wconf 89' lang='lat' dir='ltr'><strong>An-</strong></span> 
     </span>
     <span class='ocr_line' id='line_1_13' title="bbox 413 1664 2320 1744; baseline -0.001 -18"><span class='ocrx_word' id='word_1_85' title='bbox 413 1668 560 1726; x_wconf 88' lang='lat' dir='ltr'><strong>tonii</strong></span> <span class='ocrx_word' id='word_1_86' title='bbox 581 1667 898 1726; x_wconf 73' lang='lat' dir='ltr'><strong>familiares</strong></span> <span class='ocrx_word' id='word_1_87' title='bbox 925 1667 1423 1744; x_wconf 79' lang='lat' dir='ltr'><strong>insequebantur3</strong></span> <span class='ocrx_word' id='word_1_88' title='bbox 1458 1685 1711 1725; x_wconf 86' lang='lat' dir='ltr'><strong>uxorem</strong></span> <span class='ocrx_word' id='word_1_89' title='bbox 1734 1664 2009 1724; x_wconf 87' lang='lat' dir='ltr'><strong>Fulviam</strong></span> <span class='ocrx_word' id='word_1_90' title='bbox 2037 1665 2320 1724; x_wconf 88' lang='lat' dir='ltr'><strong>omnibus</strong></span> 
     </span>
     <span class='ocr_line' id='line_1_14' title="bbox 413 1759 2321 1842; baseline -0.001 -22"><span class='ocrx_word' id='word_1_91' title='bbox 413 1765 594 1821; x_wconf 89' lang='lat' dir='ltr'><strong>rebus</strong></span> <span class='ocrx_word' id='word_1_92' title='bbox 621 1763 874 1842; x_wconf 88' lang='lat' dir='ltr'><strong>spoliare</strong></span> <span class='ocrx_word' id='word_1_93' title='bbox 902 1763 1222 1840; x_wconf 88' lang='lat' dir='ltr'><strong>cupiebant</strong></span> <span class='ocrx_word' id='word_1_94' title='bbox 1242 1784 1258 1832; x_wconf 90' lang='lat'>;</span> <span class='ocrx_word' id='word_1_95' title='bbox 1294 1760 1519 1819; x_wconf 87' lang='lat' dir='ltr'><strong>liberos</strong></span> <span class='ocrx_word' id='word_1_96' title='bbox 1540 1761 1719 1819; x_wconf 89' lang='lat' dir='ltr'><strong>etiam</strong></span> <span class='ocrx_word' id='word_1_97' title='bbox 1742 1759 2123 1837; x_wconf 77' lang='lat' dir='ltr'><strong>exstinguere</strong></span> <span class='ocrx_word' id='word_1_98' title='bbox 2144 1780 2321 1837; x_wconf 85' lang='lat' dir='ltr'><strong>para-</strong></span> 
     </span>
     <span class='ocr_line' id='line_1_15' title="bbox 415 1854 2320 1932; baseline -0.001 -17"><span class='ocrx_word' id='word_1_99' title='bbox 415 1858 574 1915; x_wconf 80' lang='lat' dir='ltr'><strong>bant.</strong></span> <span class='ocrx_word' id='word_1_100' title='bbox 652 1856 905 1924; x_wconf 86' lang='lat' dir='ltr'><strong>Atticus,</strong></span> <span class='ocrx_word' id='word_1_101' title='bbox 927 1875 1112 1932; x_wconf 87' lang='lat' dir='ltr'><strong>quum</strong></span> <span class='ocrx_word' id='word_1_102' title='bbox 1135 1855 1445 1912; x_wconf 79' lang='lat' dir='ltr'><strong>Ciceronis</strong></span> <span class='ocrx_word' id='word_1_103' title='bbox 1468 1854 1679 1914; x_wconf 88' lang='lat' dir='ltr'><strong>intima</strong></span> <span class='ocrx_word' id='word_1_104' title='bbox 1698 1855 2091 1914; x_wconf 75' lang='lat' dir='ltr'><strong>familiaritate</strong></span> <span class='ocrx_word' id='word_1_105' title='bbox 2118 1868 2320 1915; x_wconf 86' lang='lat' dir='ltr'><strong>utere-</strong></span> 
     </span>
     <span class='ocr_line' id='line_1_16' title="bbox 413 1949 2323 2019; baseline 0 -11"><span class='ocrx_word' id='word_1_106' title='bbox 413 1963 528 2019; x_wconf 88' lang='lat' dir='ltr'><strong>tur,</strong></span> <span class='ocrx_word' id='word_1_107' title='bbox 557 1949 944 2008; x_wconf 86' lang='lat' dir='ltr'><strong>amicissimus</strong></span> <span class='ocrx_word' id='word_1_108' title='bbox 983 1961 1140 2006; x_wconf 86' lang='lat' dir='ltr'><strong>esset</strong></span> <span class='ocrx_word' id='word_1_109' title='bbox 1166 1949 1377 2019; x_wconf 89' lang='lat' dir='ltr'><strong>Bruto,</strong></span> <span class='ocrx_word' id='word_1_110' title='bbox 1403 1969 1525 2007; x_wconf 90' lang='lat' dir='ltr'><strong>non</strong></span> <span class='ocrx_word' id='word_1_111' title='bbox 1567 1949 1748 2009; x_wconf 91' lang='lat' dir='ltr'><strong>modo</strong></span> <span class='ocrx_word' id='word_1_112' title='bbox 1788 1950 1930 2008; x_wconf 85' lang='lat' dir='ltr'><strong>nihil</strong></span> <span class='ocrx_word' id='word_1_113' title='bbox 1964 1950 2037 2008; x_wconf 89' lang='lat' dir='ltr'><strong>iis</strong></span> <span class='ocrx_word' id='word_1_114' title='bbox 2069 1950 2323 2009; x_wconf 86' lang='lat' dir='ltr'><strong>indulsit</strong></span> 
     </span>
     <span class='ocr_line' id='line_1_17' title="bbox 415 2043 2321 2124; baseline 0.001 -21"><span class='ocrx_word' id='word_1_115' title='bbox 415 2045 493 2104; x_wconf 89' lang='lat' dir='ltr'><strong>ad</strong></span> <span class='ocrx_word' id='word_1_116' title='bbox 520 2043 845 2103; x_wconf 89' lang='lat' dir='ltr'><strong>Antonium</strong></span> <span class='ocrx_word' id='word_1_117' title='bbox 877 2044 1238 2114; x_wconf 78' lang='lat' dir='ltr'><strong>violandum,</strong></span> <span class='ocrx_word' id='word_1_118' title='bbox 1268 2044 1374 2104; x_wconf 89' lang='lat' dir='ltr'><strong>sed</strong></span> <span class='ocrx_word' id='word_1_119' title='bbox 1406 2064 1445 2103; x_wconf 87' lang='lat' dir='ltr'><strong>e</strong></span> <span class='ocrx_word' id='word_1_120' title='bbox 1486 2046 1783 2105; x_wconf 81' lang='lat' dir='ltr'><strong>contrario</strong></span> <span class='ocrx_word' id='word_1_121' title='bbox 1822 2045 2142 2105; x_wconf 80' lang='lat' dir='ltr'><strong>familiares</strong></span> <span class='ocrx_word' id='word_1_122' title='bbox 2182 2047 2321 2124; x_wconf 88' lang='lat' dir='ltr'><strong>ejus</strong></span> 
     </span>
     <span class='ocr_line' id='line_1_18' title="bbox 415 2139 2319 2220; baseline -0.001 -20"><span class='ocrx_word' id='word_1_123' title='bbox 415 2163 494 2200; x_wconf 82' lang='lat' dir='ltr'><strong>ex</strong></span> <span class='ocrx_word' id='word_1_124' title='bbox 521 2141 672 2200; x_wconf 83' lang='lat' dir='ltr'><strong>urbe</strong></span> <span class='ocrx_word' id='word_1_125' title='bbox 699 2139 1123 2220; x_wconf 70' lang='lat' dir='ltr'><strong>profugientes,</strong></span> <span class='ocrx_word' id='word_1_126' title='bbox 1151 2153 1441 2218; x_wconf 87' lang='lat' dir='ltr'><strong>quantum</strong></span> <span class='ocrx_word' id='word_1_127' title='bbox 1465 2140 1676 2220; x_wconf 87' lang='lat' dir='ltr'><strong>potuit,</strong></span> <span class='ocrx_word' id='word_1_128' title='bbox 1704 2140 1869 2211; x_wconf 84' lang='lat' dir='ltr'><strong>texit,</strong></span> <span class='ocrx_word' id='word_1_129' title='bbox 1894 2140 2109 2218; x_wconf 88' lang='lat' dir='ltr'><strong>quibus</strong></span> <span class='ocrx_word' id='word_1_130' title='bbox 2134 2141 2319 2199; x_wconf 87' lang='lat' dir='ltr'><strong>rebus</strong></span> 
     </span>
     <span class='ocr_line' id='line_1_19' title="bbox 415 2235 2321 2316; baseline 0.001 -22"><span class='ocrx_word' id='word_1_131' title='bbox 415 2237 817 2315; x_wconf 86' lang='lat' dir='ltr'><strong>indiguerunt,</strong></span> <span class='ocrx_word' id='word_1_132' title='bbox 863 2235 1106 2316; x_wconf 84' lang='lat' dir='ltr'><strong>adjuvit.</strong></span> <span class='ocrx_word' id='word_1_133' title='bbox 1206 2235 1281 2296; x_wconf 89' lang='lat' dir='ltr'><strong>P.</strong></span> <span class='ocrx_word' id='word_1_134' title='bbox 1313 2255 1457 2295; x_wconf 87' lang='lat' dir='ltr'><strong>vero</strong></span> <span class='ocrx_word' id='word_1_135' title='bbox 1490 2235 1817 2295; x_wconf 86' lang='lat' dir='ltr'><strong>Volumnio</strong></span> <span class='ocrx_word' id='word_1_136' title='bbox 1864 2255 1937 2294; x_wconf 88' lang='lat' dir='ltr'><strong>ea</strong></span> <span class='ocrx_word' id='word_1_137' title='bbox 1980 2235 2203 2306; x_wconf 84' lang='lat' dir='ltr'><strong>tribuit,</strong></span> <span class='ocrx_word' id='word_1_138' title='bbox 2248 2249 2321 2295; x_wconf 87' lang='lat' dir='ltr'><strong>ut.</strong></span> 
     </span>
     <span class='ocr_line' id='line_1_20' title="bbox 414 2331 2316 2412; baseline 0 -22"><span class='ocrx_word' id='word_1_139' title='bbox 414 2335 590 2411; x_wconf 88' lang='lat' dir='ltr'><strong>plura</strong></span> <span class='ocrx_word' id='word_1_140' title='bbox 637 2353 674 2391; x_wconf 89' lang='lat' dir='ltr'><strong>a</strong></span> <span class='ocrx_word' id='word_1_141' title='bbox 718 2345 965 2412; x_wconf 88' lang='lat' dir='ltr'><strong>parente</strong></span> <span class='ocrx_word' id='word_1_142' title='bbox 1011 2331 1311 2411; x_wconf 84' lang='lat' dir='ltr'><strong>proficisci</strong></span> <span class='ocrx_word' id='word_1_143' title='bbox 1352 2350 1470 2390; x_wconf 89' lang='lat' dir='ltr'><strong>non</strong></span> <span class='ocrx_word' id='word_1_144' title='bbox 1516 2331 1838 2410; x_wconf 89' lang='lat' dir='ltr'><strong>potuerint.</strong></span> <span class='ocrx_word' id='word_1_145' title='bbox 1937 2331 2067 2410; x_wconf 85' lang='lat' dir='ltr'><strong>Ipsi</strong></span> <span class='ocrx_word' id='word_1_146' title='bbox 2110 2344 2316 2390; x_wconf 84' lang='lat' dir='ltr'><strong>autern</strong></span> 
     </span>
     <span class='ocr_line' id='line_1_21' title="bbox 414 2425 2317 2504; baseline 0 -19"><span class='ocrx_word' id='word_1_147' title='bbox 414 2427 664 2496; x_wconf 79' lang='lat' dir='ltr'><strong>Fulviae,</strong></span> <span class='ocrx_word' id='word_1_148' title='bbox 699 2447 886 2502; x_wconf 89' lang='lat' dir='ltr'><strong>quum</strong></span> <span class='ocrx_word' id='word_1_149' title='bbox 925 2427 1127 2485; x_wconf 87' lang='lat' dir='ltr'><strong>litibus</strong></span> <span class='ocrx_word' id='word_1_150' title='bbox 1171 2427 1551 2485; x_wconf 84' lang='lat' dir='ltr'><strong>distineretur</strong></span> <span class='ocrx_word' id='word_1_151' title='bbox 1594 2425 1941 2504; x_wconf 85' lang='lat' dir='ltr'><strong>magnisque</strong></span> <span class='ocrx_word' id='word_1_152' title='bbox 1987 2425 2317 2485; x_wconf 83' lang='lat' dir='ltr'><strong>terroribus</strong></span> 
     </span>
     <span class='ocr_line' id='line_1_22' title="bbox 413 2519 2321 2600; baseline 0.002 -24"><span class='ocrx_word' id='word_1_153' title='bbox 413 2532 748 2589; x_wconf 81' lang='lat' dir='ltr'><strong>vexaretur,</strong></span> <span class='ocrx_word' id='word_1_154' title='bbox 769 2531 936 2578; x_wconf 88' lang='lat' dir='ltr'><strong>tanta</strong></span> <span class='ocrx_word' id='word_1_155' title='bbox 963 2519 1275 2598; x_wconf 87' lang='lat' dir='ltr'><strong>diligentia</strong></span> <span class='ocrx_word' id='word_1_156' title='bbox 1300 2521 1557 2579; x_wconf 87' lang='lat' dir='ltr'><strong>officium</strong></span> <span class='ocrx_word' id='word_1_157' title='bbox 1582 2541 1757 2578; x_wconf 89' lang='lat' dir='ltr'><strong>suum</strong></span> <span class='ocrx_word' id='word_1_158' title='bbox 1782 2520 2073 2600; x_wconf 84' lang='lat' dir='ltr'><strong>praestitit,</strong></span> <span class='ocrx_word' id='word_1_159' title='bbox 2094 2535 2161 2580; x_wconf 89' lang='lat' dir='ltr'><strong>ut</strong></span> <span class='ocrx_word' id='word_1_160' title='bbox 2184 2524 2321 2581; x_wconf 88' lang='lat' dir='ltr'><strong>nul-</strong></span> 
     </span>
     <span class='ocr_line' id='line_1_23' title="bbox 410 2605 2322 2696; baseline 0.004 -27"><span class='ocrx_word' id='word_1_161' title='bbox 410 2614 536 2670; x_wconf 90' lang='lat' dir='ltr'><strong>lum</strong></span> <span class='ocrx_word' id='word_1_162' title='bbox 567 2613 674 2670; x_wconf 89' lang='lat' dir='ltr'><strong>illa</strong></span> <span class='ocrx_word' id='word_1_163' title='bbox 704 2613 918 2672; x_wconf 76' lang='lat' dir='ltr'><strong>stiterit</strong></span> <span class='ocrx_word' id='word_1_164' title='bbox 944 2605 1349 2673; x_wconf 81' lang='lat' dir='ltr'><strong>vadimonium</strong></span> <span class='ocrx_word' id='word_1_165' title='bbox 1380 2614 1509 2673; x_wconf 89' lang='lat' dir='ltr'><strong>sine</strong></span> <span class='ocrx_word' id='word_1_166' title='bbox 1535 2615 1755 2685; x_wconf 90' lang='lat' dir='ltr'><strong>Attico,</strong></span> <span class='ocrx_word' id='word_1_167' title='bbox 1780 2615 1878 2674; x_wconf 87' lang='lat' dir='ltr'><strong>hic</strong></span> <span class='ocrx_word' id='word_1_168' title='bbox 1910 2637 2157 2696; x_wconf 81' lang='lat' dir='ltr'><strong>sponsor</strong></span> <span class='ocrx_word' id='word_1_169' title='bbox 2186 2637 2322 2676; x_wconf 90' lang='lat' dir='ltr'><strong>om-</strong></span> 
     </span>
     <span class='ocr_line' id='line_1_24' title="bbox 411 2695 2319 2793; baseline 0.003 -27"><span class='ocrx_word' id='word_1_170' title='bbox 411 2708 595 2793; x_wconf 49' lang='lat' dir='ltr'><strong>nium·</strong></span> <span class='ocrx_word' id='word_1_171' title='bbox 618 2727 820 2768; x_wconf 88' lang='lat' dir='ltr'><strong>rerum</strong></span> <span class='ocrx_word' id='word_1_172' title='bbox 853 2707 1048 2766; x_wconf 88' lang='lat' dir='ltr'><strong>fuerit.</strong></span> <span class='ocrx_word' id='word_1_173' title='bbox 1147 2708 1318 2782; x_wconf 83' lang='lat' dir='ltr'><strong>Quin</strong></span> <span class='ocrx_word' id='word_1_174' title='bbox 1348 2699 1551 2780; x_wconf 79' lang='lat' dir='ltr'><strong>etiam,</strong></span> <span class='ocrx_word' id='word_1_175' title='bbox 1578 2732 1761 2788; x_wconf 90' lang='lat' dir='ltr'><strong>quum</strong></span> <span class='ocrx_word' id='word_1_176' title='bbox 1794 2711 1895 2770; x_wconf 91' lang='lat' dir='ltr'><strong>illa</strong></span> <span class='ocrx_word' id='word_1_177' title='bbox 1926 2695 2176 2770; x_wconf 85' lang='lat' dir='ltr'><strong>fundum</strong></span> <span class='ocrx_word' id='word_1_178' title='bbox 2218 2733 2319 2771; x_wconf 85' lang='lat' dir='ltr'><strong>se-</strong></span> 
     </span>
     <span class='ocr_line' id='line_1_25' title="bbox 413 2803 2323 2885; baseline 0.002 -23"><span class='ocrx_word' id='word_1_179' title='bbox 413 2803 609 2863; x_wconf 86' lang='lat' dir='ltr'><strong>cunda</strong></span> <span class='ocrx_word' id='word_1_180' title='bbox 639 2803 874 2862; x_wconf 87' lang='lat' dir='ltr'><strong>fortuna</strong></span> <span class='ocrx_word' id='word_1_181' title='bbox 913 2803 1160 2864; x_wconf 82' lang='lat' dir='ltr'><strong>emisset</strong></span> <span class='ocrx_word' id='word_1_182' title='bbox 1189 2808 1254 2862; x_wconf 88' lang='lat' dir='ltr'><strong>in</strong></span> <span class='ocrx_word' id='word_1_183' title='bbox 1286 2804 1469 2874; x_wconf 89' lang='lat' dir='ltr'><strong>diem,</strong></span> <span class='ocrx_word' id='word_1_184' title='bbox 1498 2825 1695 2884; x_wconf 88' lang='lat' dir='ltr'><strong>neque</strong></span> <span class='ocrx_word' id='word_1_185' title='bbox 1732 2819 1871 2885; x_wconf 87' lang='lat' dir='ltr'><strong>post</strong></span> <span class='ocrx_word' id='word_1_186' title='bbox 1912 2807 2323 2866; x_wconf 83' lang='lat' dir='ltr'><strong>calamitatem</strong></span> 
     </span>
     <span class='ocr_line' id='line_1_26' title="bbox 411 2898 2319 2980; baseline 0.003 -23"><span class='ocrx_word' id='word_1_187' title='bbox 411 2918 714 2958; x_wconf 85' lang='lat' dir='ltr'><strong>versuram</strong></span> <span class='ocrx_word' id='word_1_188' title='bbox 735 2898 932 2958; x_wconf 87' lang='lat' dir='ltr'><strong>facere</strong></span> <span class='ocrx_word' id='word_1_189' title='bbox 959 2899 1265 2978; x_wconf 87' lang='lat' dir='ltr'><strong>potuisset,</strong></span> <span class='ocrx_word' id='word_1_190' title='bbox 1284 2899 1387 2958; x_wconf 87' lang='lat' dir='ltr'><strong>ille</strong></span> <span class='ocrx_word' id='word_1_191' title='bbox 1414 2920 1479 2958; x_wconf 89' lang='lat' dir='ltr'><strong>se</strong></span> <span class='ocrx_word' id='word_1_192' title='bbox 1500 2900 1853 2979; x_wconf 87' lang='lat' dir='ltr'><strong>interposuit</strong></span> <span class='ocrx_word' id='word_1_193' title='bbox 1872 2901 2319 2980; x_wconf 85' lang='lat' dir='ltr'><strong>pecuniamque</strong></span> 
     </span>
     <span class='ocr_line' id='line_1_27' title="bbox 410 2994 2320 3074; baseline 0.002 -22"><span class='ocrx_word' id='word_1_194' title='bbox 410 2995 540 3054; x_wconf 86' lang='lat' dir='ltr'><strong>sine</strong></span> <span class='ocrx_word' id='word_1_195' title='bbox 587 2995 792 3055; x_wconf 86' lang='lat' dir='ltr'><strong>fenore</strong></span> <span class='ocrx_word' id='word_1_196' title='bbox 831 2995 1078 3072; x_wconf 86' lang='lat' dir='ltr'><strong>sineque</strong></span> <span class='ocrx_word' id='word_1_197' title='bbox 1117 2996 1243 3053; x_wconf 84' lang='lat' dir='ltr'><strong>ulla.</strong></span> <span class='ocrx_word' id='word_1_198' title='bbox 1282 2995 1662 3074; x_wconf 89' lang='lat' dir='ltr'><strong>stipulatione</strong></span> <span class='ocrx_word' id='word_1_199' title='bbox 1708 2997 1767 3054; x_wconf 90' lang='lat' dir='ltr'><strong>ei</strong></span> <span class='ocrx_word' id='word_1_200' title='bbox 1809 2994 2086 3069; x_wconf 80' lang='lat' dir='ltr'><strong>credidit3</strong></span> <span class='ocrx_word' id='word_1_201' title='bbox 2122 2998 2320 3056; x_wconf 83' lang='lat' dir='ltr'><strong>maxi-</strong></span> 
     </span>
     <span class='ocr_line' id='line_1_28' title="bbox 409 3077 2325 3170; baseline 0.002 -22"><span class='ocrx_word' id='word_1_202' title='bbox 409 3111 574 3149; x_wconf 87' lang='lat' dir='ltr'><strong>mum</strong></span> <span class='ocrx_word' id='word_1_203' title='bbox 601 3090 950 3150; x_wconf 87' lang='lat' dir='ltr'><strong>existimans</strong></span> <span class='ocrx_word' id='word_1_204' title='bbox 971 3101 1281 3169; x_wconf 73' lang='lat' dir='ltr'><strong>quaestum,</strong></span> <span class='ocrx_word' id='word_1_205' title='bbox 1301 3077 1629 3148; x_wconf 79' lang='lat' dir='ltr'><strong>memorem</strong></span> <span class='ocrx_word' id='word_1_206' title='bbox 1658 3101 2011 3169; x_wconf 82' lang='lat' dir='ltr'><strong>gratumque</strong></span> <span class='ocrx_word' id='word_1_207' title='bbox 2034 3095 2325 3170; x_wconf 86' lang='lat' dir='ltr'><strong>cognosci,</strong></span> 
     </span>
     <span class='ocr_line' id='line_1_29' title="bbox 411 3184 2321 3265; baseline 0.002 -23"><span class='ocrx_word' id='word_1_208' title='bbox 411 3186 706 3262; x_wconf 88' lang='lat' dir='ltr'><strong>simulque</strong></span> <span class='ocrx_word' id='word_1_209' title='bbox 749 3185 1007 3265; x_wconf 86' lang='lat' dir='ltr'><strong>aperire,</strong></span> <span class='ocrx_word' id='word_1_210' title='bbox 1039 3205 1105 3244; x_wconf 89' lang='lat' dir='ltr'><strong>se</strong></span> <span class='ocrx_word' id='word_1_211' title='bbox 1145 3205 1266 3244; x_wconf 87' lang='lat' dir='ltr'><strong>non</strong></span> <span class='ocrx_word' id='word_1_212' title='bbox 1300 3184 1569 3256; x_wconf 70' lang='lat' dir='ltr'><strong>fortunae,</strong></span> <span class='ocrx_word' id='word_1_213' title='bbox 1604 3185 1710 3243; x_wconf 88' lang='lat' dir='ltr'><strong>sed</strong></span> <span class='ocrx_word' id='word_1_214' title='bbox 1740 3185 2079 3246; x_wconf 86' lang='lat' dir='ltr'><strong>hominibus</strong></span> <span class='ocrx_word' id='word_1_215' title='bbox 2118 3189 2321 3246; x_wconf 87' lang='lat' dir='ltr'><strong>solere</strong></span> 
     </span>
     <span class='ocr_line' id='line_1_30' title="bbox 409 3279 2321 3360; baseline 0.002 -23"><span class='ocrx_word' id='word_1_216' title='bbox 409 3299 541 3337; x_wconf 88' lang='lat' dir='ltr'><strong>esse</strong></span> <span class='ocrx_word' id='word_1_217' title='bbox 576 3279 850 3338; x_wconf 88' lang='lat' dir='ltr'><strong>amicum.</strong></span> <span class='ocrx_word' id='word_1_218' title='bbox 933 3280 1092 3352; x_wconf 81' lang='lat' dir='ltr'><strong>Quae</strong></span> <span class='ocrx_word' id='word_1_219' title='bbox 1125 3301 1309 3359; x_wconf 88' lang='lat' dir='ltr'><strong>quum</strong></span> <span class='ocrx_word' id='word_1_220' title='bbox 1342 3280 1615 3351; x_wconf 84' lang='lat' dir='ltr'><strong>faciebat,</strong></span> <span class='ocrx_word' id='word_1_221' title='bbox 1643 3301 1821 3340; x_wconf 91' lang='lat' dir='ltr'><strong>nemo</strong></span> <span class='ocrx_word' id='word_1_222' title='bbox 1852 3301 1993 3340; x_wconf 89' lang='lat' dir='ltr'><strong>eum</strong></span> <span class='ocrx_word' id='word_1_223' title='bbox 2026 3283 2321 3360; x_wconf 86' lang='lat' dir='ltr'><strong>temporis</strong></span> 
     </span>
     <span class='ocr_line' id='line_1_31' title="bbox 411 3365 2322 3456; baseline 0.002 -25"><span class='ocrx_word' id='word_1_224' title='bbox 411 3391 593 3431; x_wconf 82' lang='lat' dir='ltr'><strong>eausa</strong></span> <span class='ocrx_word' id='word_1_225' title='bbox 613 3370 812 3430; x_wconf 85' lang='lat' dir='ltr'><strong>facere</strong></span> <span class='ocrx_word' id='word_1_226' title='bbox 833 3365 1070 3451; x_wconf 77' lang='lat' dir='ltr'><strong>poterat</strong></span> <span class='ocrx_word' id='word_1_227' title='bbox 1099 3375 1457 3434; x_wconf 84' lang='lat' dir='ltr'><strong>existimare.</strong></span> <span class='ocrx_word' id='word_1_228' title='bbox 1538 3375 1786 3434; x_wconf 89' lang='lat' dir='ltr'><strong>Nemini</strong></span> <span class='ocrx_word' id='word_1_229' title='bbox 1806 3375 1967 3435; x_wconf 90' lang='lat' dir='ltr'><strong>enim</strong></span> <span class='ocrx_word' id='word_1_230' title='bbox 1989 3377 2053 3434; x_wconf 89' lang='lat' dir='ltr'><strong>in</strong></span> <span class='ocrx_word' id='word_1_231' title='bbox 2082 3377 2322 3456; x_wconf 88' lang='lat' dir='ltr'><strong>opinio-</strong></span> 
     </span>
     <span class='ocr_line' id='line_1_32' title="bbox 407 3465 2321 3550; baseline 0.004 -25"><span class='ocrx_word' id='word_1_232' title='bbox 407 3487 545 3526; x_wconf 87' lang='lat' dir='ltr'><strong>nem</strong></span> <span class='ocrx_word' id='word_1_233' title='bbox 579 3465 880 3535; x_wconf 82' lang='lat' dir='ltr'><strong>veniebat,</strong></span> <span class='ocrx_word' id='word_1_234' title='bbox 906 3467 1231 3527; x_wconf 89' lang='lat' dir='ltr'><strong>Antonium</strong></span> <span class='ocrx_word' id='word_1_235' title='bbox 1263 3490 1469 3528; x_wconf 87' lang='lat' dir='ltr'><strong>rerum</strong></span> <span class='ocrx_word' id='word_1_236' title='bbox 1500 3470 1851 3550; x_wconf 86' lang='lat' dir='ltr'><strong>potiturum.</strong></span> <span class='ocrx_word' id='word_1_237' title='bbox 1932 3473 2059 3531; x_wconf 88' lang='lat' dir='ltr'><strong>Sed</strong></span> <span class='ocrx_word' id='word_1_238' title='bbox 2092 3473 2321 3532; x_wconf 86' lang='lat' dir='ltr'><strong>sensim</strong></span> 
     </span>
     <span class='ocr_line' id='line_1_33' title="bbox 409 3560 2320 3644; baseline 0.003 -23"><span class='ocrx_word' id='word_1_239' title='bbox 409 3564 459 3621; x_wconf 87' lang='lat' dir='ltr'><strong>is</strong></span> <span class='ocrx_word' id='word_1_240' title='bbox 493 3583 529 3625; x_wconf 82' lang='lat' dir='ltr'><strong>a</strong></span> <span class='ocrx_word' id='word_1_241' title='bbox 558 3560 856 3621; x_wconf 84' lang='lat' dir='ltr'><strong>nonnullis</strong></span> <span class='ocrx_word' id='word_1_242' title='bbox 891 3561 1282 3641; x_wconf 86' lang='lat' dir='ltr'><strong>optimatibus</strong></span> <span class='ocrx_word' id='word_1_243' title='bbox 1314 3565 1878 3643; x_wconf 83' lang='lat' dir='ltr'><strong>reprehendebatur,</strong></span> <span class='ocrx_word' id='word_1_244' title='bbox 1906 3566 2065 3644; x_wconf 89' lang='lat' dir='ltr'><strong>quod</strong></span> <span class='ocrx_word' id='word_1_245' title='bbox 2099 3587 2320 3644; x_wconf 83' lang='lat' dir='ltr'><strong>parum</strong></span> 
     </span>
     <span class='ocr_line' id='line_1_34' title="bbox 407 3657 2319 3739; baseline 0.002 -23"><span class='ocrx_word' id='word_1_246' title='bbox 407 3659 610 3717; x_wconf 84' lang='lat' dir='ltr'><strong>odisse</strong></span> <span class='ocrx_word' id='word_1_247' title='bbox 631 3659 816 3717; x_wconf 86' lang='lat' dir='ltr'><strong>malos</strong></span> <span class='ocrx_word' id='word_1_248' title='bbox 835 3657 996 3716; x_wconf 78' lang='lat' dir='ltr'><strong>cives</strong></span> <span class='ocrx_word' id='word_1_249' title='bbox 1009 3657 1330 3718; x_wconf 78' lang='lat' dir='ltr'><strong>videretur.</strong></span> <span class='ocrx_word' id='word_1_250' title='bbox 1379 3660 1492 3718; x_wconf 91' lang='lat' dir='ltr'><strong>Ille</strong></span> <span class='ocrx_word' id='word_1_251' title='bbox 1514 3671 1733 3729; x_wconf 85' lang='lat' dir='ltr'><strong>autem,</strong></span> <span class='ocrx_word' id='word_1_252' title='bbox 1746 3660 1837 3718; x_wconf 88' lang='lat' dir='ltr'><strong>sui</strong></span> <span class='ocrx_word' id='word_1_253' title='bbox 1844 3657 2083 3737; x_wconf 85' lang='lat' dir='ltr'><strong>judicii,</strong></span> <span class='ocrx_word' id='word_1_254' title='bbox 2094 3661 2319 3739; x_wconf 87' lang='lat' dir='ltr'><strong>potius,</strong></span> 
     </span>
    </p>
   </div>
   <div class='ocr_carea' id='block_1_4' title="bbox 409 3751 2319 3905">
    <p class='ocr_par' dir='ltr' id='par_1_4' title="bbox 409 3751 2319 3905">
     <span class='ocr_line' id='line_1_35' title="bbox 409 3751 2319 3833; baseline 0.003 -23"><span class='ocrx_word' id='word_1_255' title='bbox 409 3753 552 3828; x_wconf 88' lang='lat' dir='ltr'><strong>quid</strong></span> <span class='ocrx_word' id='word_1_256' title='bbox 581 3773 648 3812; x_wconf 86' lang='lat' dir='ltr'><strong>se</strong></span> <span class='ocrx_word' id='word_1_257' title='bbox 673 3753 876 3812; x_wconf 85' lang='lat' dir='ltr'><strong>facere</strong></span> <span class='ocrx_word' id='word_1_258' title='bbox 900 3773 1011 3833; x_wconf 89' lang='lat' dir='ltr'><strong>par</strong></span> <span class='ocrx_word' id='word_1_259' title='bbox 1035 3765 1213 3826; x_wconf 89' lang='lat' dir='ltr'><strong>esset,</strong></span> <span class='ocrx_word' id='word_1_260' title='bbox 1233 3753 1595 3826; x_wconf 87' lang='lat' dir='ltr'><strong>intuebatur,</strong></span> <span class='ocrx_word' id='word_1_261' title='bbox 1616 3773 1792 3831; x_wconf 87' lang='lat' dir='ltr'><strong>quam</strong></span> <span class='ocrx_word' id='word_1_262' title='bbox 1813 3751 1957 3832; x_wconf 85' lang='lat' dir='ltr'><strong>quid</strong></span> <span class='ocrx_word' id='word_1_263' title='bbox 1988 3753 2090 3812; x_wconf 89' lang='lat' dir='ltr'><strong>alii</strong></span> <span class='ocrx_word' id='word_1_264' title='bbox 2109 3755 2319 3815; x_wconf 84' lang='lat' dir='ltr'><strong>lauda-</strong></span> 
     </span>
     <span class='ocr_line' id='line_1_36' title="bbox 409 3845 768 3905; baseline 0.017 -6"><span class='ocrx_word' id='word_1_265' title='bbox 409 3845 526 3900; x_wconf 82' lang='lat' dir='ltr'><strong>turi</strong></span> <span class='ocrx_word' id='word_1_266' title='bbox 554 3845 768 3905; x_wconf 88' lang='lat' dir='ltr'><strong>forent.</strong></span> 
     </span>
    </p>
   </div>
  </div>
 </body>
</html>
