2525 4409
559 394 822 438 swam
855 393 1401 439 Amorum—cn.
1432 396 1541 449 ττι,
1565 398 1677 438 vn.
1998 384 2083 441 43

159 526 344 589 :rimas
371 525 672 586 continet:
711 546 948 605 quoquo
974 538 1036 585 te
1055 526 1571 606 verteris‚'proesto
1598 539 1691 587 est
1708 530 1732 598 ;⁴
1762 529 1927 587 nullo
1946 530 2083 589 loco

159 622 536 693 excluditu13
571 641 877 700 nunquam
907 622 1339 701 intempestiva,
1362 643 1669 701 nunquam
1697 626 1945 683 molesta
1972 638 2079 695 est,

171 717 376 795 itaque
403 738 521 775 non
549 738 727 796 aqua,
749 736 870 775 non
898 718 1042 797 igni,
1060 730 1128 776 ut
1155 719 1338 788 aiunt,
1362 719 1633 796 pluribus
1656 720 1802 777 locis
1830 720 2073 790 utimur,

157 832 344 889 quam
379 813 654 874 amicitia.
736 814 960 891 Neque
993 832 1108 891 ego
1139 833 1301 873 nunc
1330 814 1407 872 de
1435 814 1685 892 vulgari,
1714 826 1815 872 aut
1840 814 1917 873 de
1950 834 2073 873 me-

157 906 348 965 diocri
389 911 552 988 (quae
598 920 796 969 tamen
831 900 966 987 ipsi.
1013 922 1076 967 et
1113 909 1393 979 delectat,
1428 922 1491 967 et
1531 908 1819 987 prodest),
1851 910 1961 968 sed
1996 909 2072 969 de

155 1019 300 1061 vera
343 1016 405 1061 et
445 1004 714 1082 perfecta
755 1005 984 1081 loquor,
1017 1004 1208 1082 qualis
1257 1022 1484 1072 eorum,
1520 1005 1624 1082 qui
1666 1004 1841 1083 pauci
1882 1007 2071 1065 nomi·

154 1110 386 1169 uantur,
408 1100 538 1157 fuit.
619 1099 780 1157 Nam
799 1112 864 1158 et
883 1099 1174 1159 secundas
1191 1119 1290 1157 res
1308 1100 1743 1177 splendidiores
1762 1100 1907 1159 facit
1928 1102 2068 1159 ami·

155 1192 312 1263 citis,
343 1206 404 1253 et
431 1194 708 1253 adversas
731 1194 1000 1272 partiens
1027 1195 1597 1271 communicansque
1623 1196 1897 1255 leviores.

247 1384 392 1441 VII.
433 1387 532 1440 23.
565 1382 846 1460 Cumque
875 1382 1166 1459 plurimas
1199 1394 1263 1439 et
1296 1382 1587 1441 maximas
1620 1384 2073 1443 commoditates

153 1476 420 1556 amicitia
440 1477 756 1546 contineat,
773 1480 900 1535 tum
915 1477 1022 1535 illa
1039 1476 1317 1535 nimirum
1340 1490 1578 1554 proestat
1600 1479 1893 1547 omnibus,
1911 1479 2073 1556 quod

151 1579 376 1635 bonam
406 1596 578 1654 spem
606 1578 892 1656 praelucet
917 1577 981 1636 in
1007 1588 1339 1655 posterum,
1361 1594 1473 1633 nec
1498 1574 1799 1635 debilitari
1828 1577 2069 1647 animos,

151 1668 260 1730 aut
299 1672 516 1731 cadere
552 1672 786 1750 patitur.
823 1698 828 1701 ·
868 1672 1104 1729 Verum
1147 1672 1330 1729 etiam
1372 1672 1631 1730 ami-cum
1664 1672 1768 1751 qui
1795 1673 2073 1743 intuetur,

151 1780 458 1843 tamquam
505 1768 815 1846 exemplar
861 1766 1104 1845 aliquod
1137 1766 1410 1825 intuetur
1460 1768 1571 1826 sui.
1654 1768 1963 1840 Quocirca
2009 1777 2073 1827 et

151 1863 432 1921 absentes
465 1862 698 1932 adsunt,
727 1873 788 1920 et
819 1874 1070 1941 egentes
1103 1862 1423 1932 abundant,
1452 1876 1513 1921 et
1540 1862 1825 1921 imbecilli
1855 1865 2069 1935 valent,

157 1970 238 2025 et,
273 1957 436 2035 quod
472 1956 772 2015 difficilius
813 1957 977 2015 dictu
1019 1970 1130 2027 est,
1165 1958 1387 2017 mortui
1420 1959 1661 2017 vivunt:
1721 1971 1921 2018 tantus
1963 1980 2069 2021 eos

151 2053 364 2121 honos,
389 2053 700 2121 memoria,
728 2050 1091 2125 desidorium
1125 2052 1501 2129 prosequitur
1540 2054 1885 2113 amicorum.
1968 2056 2071 2113 Ex

153 2168 276 2225 quo
311 2148 550 2206 illorum
582 2148 760 2205 beata
798 2166 957 2207 mors
996 2146 1254 2215 videtur,
1322 2148 1535 2205 horum
1576 2148 1699 2205 vita
1738 2147 2072 2208 laudabilis.

153 2242 348 2315 Quod
365 2244 415 2302 si
438 2242 736 2303 exemeris
765 2244 846 2301 ex
865 2262 1066 2301 rerum
1096 2242 1307 2300 natura
1324 2242 1761 2301 benevolentiae
1790 2243 1925 2321 conj
1934 2264 2072 2301 unc-

151 2340 400 2409 tionem,
431 2358 547 2398 nec
579 2338 792 2397 domus
827 2340 966 2407 ulla,
993 2356 1110 2395 nec
1147 2338 1291 2395 urbs
1328 2316 1745 2416 stare⁹poterit
1762 2360 1781 2409 ς
1828 2358 1905 2397 ne
1942 2339 2073 2417 agri

155 2434 403 2511 quidem
420 2437 612 2493 cultus
629 2433 1020 2513 permanebit.
1078 2433 1152 2491 Id
1171 2434 1218 2491 si
1237 2434 1429 2491 minus
1446 2432 1821 2511 intelligitur3
1852 2446 2077 2511 quanta

151 2529 247 2588 vis
275 2530 548 2589 amicitiae
571 2530 1028 2607 concordiaeque
1055 2530 1148 2599 sit,
1171 2550 1250 2587 ex
1274 2529 1737 2588 dissensionibus
1758 2542 1939 2607 atque
1960 2530 2073 2589 dis·

151 2624 376 2684 cordiis
415 2625 644 2704 percipi
687 2638 902 2703 potest.
986 2626 1146 2699 Quae
1195 2625 1357 2683 enim
1400 2624 1611 2685 domus
1658 2636 1779 2683 tam
1826 2626 2072 2696 stabilis,

149 2740 292 2797 quse
334 2732 456 2778 tam
490 2720 660 2779 firma
702 2721 912 2781 civitas
939 2734 1044 2791 est,
1071 2741 1204 2798 quae
1245 2742 1385 2779 non.
1408 2720 1558 2779 odiis
1596 2732 1773 2797 atque
1806 2721 2069 2781 dissidiis

149 2816 422 2875 funditus
453 2817 641 2896 possit
672 2817 902 2877 everti?
945 2838 1024 2875 ex
1059 2836 1197 2894 quo,
1226 2828 1515 2894 quantum
1543 2816 1689 2875 boni
1720 2814 1797 2873 sit
1829 2816 1891 2872 in
1928 2816 2072 2874 ami·

151 2912 316 2982 citia,
336 2912 600 2991 judicari
629 2924 840 2988 potest.
923 2916 1020 2969 24.
1053 2910 1516 2989 Agrigentinum
1546 2908 1811 2986 quidem,
1830 2908 2074 2967 doctum

148 3009 456 3087 quendam
496 3007 712 3075 virum,
747 3005 1108 3064 carminibus
1141 3006 1375 3084 Graecis
1400 3004 1797 3063 vaticinatum
1834 3002 2069 3061 ferunt:

153 3125 292 3182 quae
320 3104 382 3159 in
419 3120 622 3159 rerum
659 3112 876 3157 natura
908 3110 1148 3175 totoque
1173 3099 1403 3158 mundo
1432 3108 1788 3166 constarent,
1813 3116 2072 3173 quaeque

152 3209 566 3267 moverentur,
604 3214 678 3253 ea
734 3192 1090 3252 contrahere·
1141 3194 1483 3261 amicitiam,
1520 3191 1809 3270 dissipare
1853 3191 2072 3251 discor-

155 3295 338 3353 diam.
417 3292 624 3369 Atque
649 3290 764 3347 hoc
793 3285 1038 3365 quidem
1067 3306 1275 3345 omnes
1308 3287 1587 3347 mortales
1618 3300 1681 3347 et
1714 3288 2069 3367 intelligunt,

155 3403 223 3449 et
247 3410 316 3447 re
343 3390 613 3467 probant.
695 3385 930 3461 Itaque,
949 3382 1262 3461 siquando
1290 3382 1529 3460 aliquod
1556 3383 1815 3445 officium
1845 3385 2072 3444 exstitit

157 3484 338 3544 amici
365 3484 427 3541 in
455 3481 740 3562 periculis
779 3488 880 3541 aut
917 3476 1228 3548 adeundis,
1259 3492 1362 3537 aut
1389 3479 1910 3548 communicandis,
1940 3480 2071 3557 quis

155 3592 270 3647 est,
297 3579 398 3657 qui
427 3579 492 3637 id
517 3598 636 3638 non
675 3575 950 3643 maximis
987 3574 1194 3633 efferat
1221 3574 1499 3637 laudibus
1518 3577 1555 3635 'l-
1624 3568 1753 3648 Qui
1780 3576 2072 3635 clamores

137 3689 292 3735 ,tota
317 3694 500 3733 cavea
523 3694 713 3751 nuper
737 3672 798 3731 in
825 3670 1074 3750 hospitis
1103 3680 1165 3728 et
1193 3670 1369 3729 amici
1396 3670 1519 3729 mei
1542 3670 1627 3729 M.
1645 3668 1899 3749 Pacuvii
1920 3688 2074 3728 nova

159 3771 398 3831 fabula!
451 3788 604 3838 cum,
635 3768 944 3847 ignorante
991 3786 1154 3845 rege,
1182 3772 1319 3825 uter
1364 3770 1570 3823 eorum
1618 3778 1777 3825 esset
1806 3762 2071 3835 Orestes,
