2525 4409
439 359 516 417 14
705 379 721 392 ‚
901 365 1421 414 u.·1·.·cxcznoms
1459 372 1623 415 caro
1660 365 1909 424 nuens

434 524 613 584 quam
641 522 883 573 senum3
925 523 1039 560 nec
1067 515 1267 561 tamen
1294 500 1560 580 omniurn
1589 499 2073 570 adolescentium,
2096 501 2200 560 sed
2222 489 2347 560 non

433 599 788 679 proborum:
825 598 910 656 sic
932 598 1046 656 ista
1073 598 1277 656 senilis
1162 609 1473 748 επὶ.)
1400 595 1508 653 ltiti
1570 595 1832 714 (gussff‘e
1798 596 2033 654 eliratio
2055 597 2344 675 appellari

433 692 614 768 solet)
652 679 1150 804 ww&
1116 663 1438 845 ᾗθεεὴῖήτ
1292 712 1329 748 ιι
1372 712 1411 748 ιι
1360 617 1481 748 o
1584 711 1725 748 ium.
1808 661 1905 768 εὔ.
1940 691 2216 764 Quatuor
2246 712 2341 750 ro-

1159 750 1438 858 hae,

351 831 358 836 -
432 789 638 846 bustos
655 788 826 857 filios,
839 809 1102 866 qumque
1432 806 1527 844 am
1544 786 1806 856 domum,
1822 799 2014 845 tantas
2032 786 2340 847 clientelas

434 884 669 961 Appius
702 885 955 962 regebat
986 897 1048 942 et
1081 903 1277 943 caecus
1310 896 1371 942 et
1400 882 1986 940 senex.1ntentum
2015 883 2179 940 enim
2214 882 2338 942 ani-

432 999 617 1049 mum,
641 992 939 1056 tamquam
971 1000 1192 1050 arcum,
1213 980 1493 1048 habebat,
1518 998 1629 1036 nec
1652 979 2043 1056 languescens
2072 998 2339 1038 succum·

431 1074 608 1132 bebat
647 1075 954 1133 senectuti.
1053 1075 1329 1133 Tenebat
1367 1095 1486 1132 non
1530 1072 1707 1131 modo
1750 1074 2201 1141 auctoritatem,
2224 1072 2339 1130 sed

431 1170 610 1228 etiam
653 1171 972 1249 imperium
1018 1171 1080 1229 in
1125 1189 1302 1229 suos:
1358 1170 1705 1228 metuebant
1761 1169 1935 1238 servi,
1979 1169 2339 1320 verebaan
2368 1197 2523 1280 We

428 1264 623 1335 liberi,
654 1286 855 1324 carum
889 1285 1094 1324 omnes
1120 1267 1450 1324 habebant:
1495 1254 1739 1342 vigebal:
1768 1263 1831 1320 in
1864 1262 2171 1321 illa'domo
2204 1283 2303 1320 mo
2345 1239 2371 1302 l

427 1360 654 1439 patrius
687 1374 750 1420 et
777 1361 1105 1439 disciplina.
1187 1365 1282 1420 38.
1320 1361 1415 1419 Ita
1448 1360 1605 1418 enim
1640 1372 1916 1418 senectus
1944 1359 2193 1418 honesta
2224 1372 2335 1428 est,

425 1456 474 1513 si
495 1476 562 1514 se
585 1456 717 1535 ipsa
737 1457 1018 1526 defendit,
1037 1457 1086 1514 si
1101 1459 1204 1537 jus
1231 1477 1405 1514 suum
1433 1455 1664 1524 retinet,
1682 1455 1734 1513 si
1754 1454 1977 1512 nemini
1999 1449 2338 1533 mancipata

427 1563 534 1622 est,
555 1552 607 1610 si
635 1573 826 1629 usque
856 1552 932 1610 ad
963 1551 1536 1632 ultimuQspiritum
1565 1549 1941 1609 dominatur
1924 1569 1985 1607 m
2013 1570 2167 1609 suos.
2204 1550 2338 1637 (Ut

427 1647 586 1704 enirn
628 1647 1136 1717 adolescentem,
1119 1667 1180 1705 ιιι
1216 1669 1337 1725 quo
1377 1631 1565 1706 senile
1610 1645 1857 1724 aliquid,
1892 1645 1977 1704 sic
2019 1665 2242 1715 senem,
2270 1645 2339 1704 in

427 1762 550 1818 quo
589 1755 682 1800 est
722 1741 1114 1800 adolescentis
1156 1743 1393 1820 aliquid,
1429 1744 1659 1822 probo:
1718 1741 1877 1818 quod
1910 1742 2013 1819 qui
2046 1740 2337 1819 sequitur,

427 1855 676 1914 corpore
709 1855 894 1894 senex
927 1857 1058 1895 esse
1091 1838 1326 1916 poterit,
1362 1823 1559 1896 animo
1591 1857 1892 1913 nunquam
1926 1837 2055 1895 erit.
2138 1836 2337 1914 Septi-

427 1951 559 1989 mus
587 1931 734 1990 mihi
759 1931 1074 2010 Originum
1101 1921 1275 1991 liber,
1292 1946 1387 1992 est
1412 1933 1473 2014 in
1503 1933 1775 1991 manibus
1798 1955 1813 2003 ;
1856 1932 2053 1990 omnia
2088 1932 2338 2008 antiqui-

423 2026 562 2084 tatis
581 2040 960 2120 monumenga
975 2028 1222 2106 colligo;
1258 2049 1571 2087 causarum
1589 2028 1927 2097 illustrium,
1948 2047 2336 2105 quascunque
2354 2020 2411 2099 X}

425 2122 686 2193 defendi,
705 2144 861 2182 nunc
890 2145 1067 2202 quam
1097 2124 1358 2182 maxime
1386 2123 1637 2182 conficio
1665 2123 1995 2193 orationem
2022 2124 2123 2202 jus
2152 2123 2338 2200 a'ugu-
2401 2112 2447 2171 ’ω
2520 2107 2522 2163 l

299 2225 375 2305 ᾗ»
395 2239 577 2302 strum,
597 2221 959 2297 pontificum,
979 2221 1153 2278 civile
1174 2232 1390 2290 tracto;
1429 2211 1687 2278 multum
1702 2212 1883 2278 etiam
1902 2219 2131 2277 Graecis
2149 2219 2339 2278 literis

314 2307 322 2314 '
371 2301 576 2385 '}utor,
602 2305 1456 2394 Pythagoreorumque'more,
1474 2315 1829 2374 exercendae
1862 2315 2169 2373 memoriae
2203 2335 2337 2392 gra·
2348 2239 2501 2446 444

394 2392 524 2476 'tia,
553 2409 695 2485 quid
731 2430 966 2488 quoque
1001 2411 1099 2469 die
1135 2411 1412 2482 dixerim,
1448 2410 1760 2480 audierim,
1796 2410 2041 2488 egerim,
2072 2429 2335 2468 comme·
2390 2405 2480 2498 ὀἱ

422 2521 589 2561 moro
617 2505 867 2582 vesperi.
949 2505 1068 2562 Hae
1103 2519 1239 2564 sunt
1272 2505 1730 2565 exercitationes
1764 2505 2012 2584 ingenii,
2037 2504 2167 2563 haec
2202 2525 2336 2562 cur-

419 2599 611 2657 ricula
643 2600 895 2671 mentis;
938 2601 999 2657 in
1033 2602 1124 2658 his
1159 2600 1457 2660 desudans
1492 2615 1670 2678 atque
1704 2602 2033 2671 elaborans,
2064 2599 2333 2677 corporis

421 2694 578 2752 vires
605 2685 724 2752 nori
753 2716 1116 2774 magnopere
1147 2696 1443 2756 desidem.
1522 2696 1755 2755 Adsum
1785 2696 2019 2755 amicis:
2063 2695 2239 2752 venio
2268 2694 2331 2752 in
2372 2753 2384 2763 ,

383 2805 388 2813 ·
421 2802 693 2849 senatum
714 2790 1012 2868 frequens,
1037 2793 1311 2869 ultroque
1344 2792 1524 2850 affero
1552 2778 1658 2850 res*
1683 2794 1934 2850 multum
1962 2803 2025 2848 et
2044 2790 2151 2848 diu
2170 2790 2331 2870 cogi-

420 2899 586 2956 tatas,
622 2907 842 2964 easque
875 2900 1052 2945 tueor
1084 2887 1281 2957 animi,
1309 2907 1427 2945 non
1462 2887 1727 2966 corporis
1760 2887 1997 2945 viribus.
2080 2885 2243 2957 Quae
2278 2885 2330 2944 si

419 2982 666 3060 exsequi
693 2983 1023 3060 nequirem,
1053 2969 1254 3040 tamen
1282 3004 1378 3041 me
1408 2984 1656 3041 lectulus
1684 2982 2007 3040 oblectaret
2040 2977 2225 3050 meus,
2256 3002 2334 3041 ea

416 3079 546 3156 ipsa
571 3078 952 3156 cogitantem,
976 3099 1110 3155 quae
1128 3079 1257 3156 jam
1288 3099 1469 3156 agere
1496 3098 1614 3135 non
1642 3097 1883 3157 possem
1908 3099 1921 3134 ι
1966 3077 2073 3135 sed
2102 3090 2168 3134 ut
2196 3097 2331 3155 pos-

417 3174 548 3241 sim,
581 3175 726 3232 facit
765 3188 897 3232 acta
929 3175 1064 3232 vita.
1147 3174 1408 3252 Semper
1447 3173 1602 3232 enim
1639 3173 1699 3230 in
1734 3173 1827 3230 his
1867 3172 2077 3230 studiis
2110 3172 2329 3230 labori-

394 3267 647 3342 busque
682 3268 895 3326 vitenti
925 3289 1042 3327 non
1076 3267 1446 3346 intelligitur,
1476 3267 1716 3345 quando
1748 3269 1997 3346 obrepat
2030 3281 2331 3326 senectus·

345 3313 436 3602 ί
419 3361 514 3418 Ita
540 3361 761 3419 sensim
790 3363 918 3420 sine
945 3384 1121 3422 sensu
1151 3377 1295 3422 aetas
1330 3365 1612 3435 senescit3
1656 3383 1769 3421 nec
1798 3384 1825 3420 s
1912 3364 1993 3421 ito
2022 3362 2334 3469 fraqgitur,

418 3454 528 3514 sed
549 3455 934 3514 diuturnitate
964 3457 1377 3536 exstinguitur.
1788 3458 1908 3520 λ’·
1925 3463 2025 3531 ql
2042 3453 2141 3516 U!
2162 3458 2209 3530 v(
2234 3445 2309 3494 ι’*
2303 3447 2385 3466 ”²

398 3579 497 3594 Λ
2510 3563 2513 3624 Ι

2449 3604 2459 3617 Q

495 3647 646 3707 XII.
703 3651 796 3706 39.
841 3649 1123 3727 Sequitur
1162 3648 1341 3709 tertia
1381 3649 1739 3728 vituperatio
1788 3650 2125 3720 senectutis,
2162 3651 2333 3730 quod

415 3761 551 3803 eam
598 3764 805 3803 carere
846 3743 1052 3804 dicunt
1097 3745 1511 3823 voluptatibus.
1601 3745 1656 3803 Ο
1701 3748 2061 3825 praeclarum
2108 3767 2332 3806 munus
