2525 4409
16 1319 18 1324 .
16 1263 18 1294 v—
15 1189 22 1238 vv-
16 1009 20 1176 γ-,,.-ἿἿ-

498 410 582 468 54
920 433 930 442 ·
1045 419 1113 461 ιι.
1146 419 1205 460 τ.
1239 415 1563 460 emenoms
1598 415 1860 468 namus,

498 551 796 633 pretiosa3
847 549 1070 608 amicos
1110 569 1230 608 non
1270 567 1497 627 parare,
1526 547 1812 626 optimam
1848 557 1909 604 et
1941 545 2399 624 pulcherrimam

497 651 651 714 vitae,
687 661 752 704 ut
794 647 872 704 ita
911 645 1122 711 dicam,
1156 643 1643 722 supellectilem'l
1735 640 1981 698 Etenim
2024 654 2227 698 cetera
2266 663 2400 714 cum

497 757 722 821 parant,
759 741 855 799 cui
901 753 1132 818 parent,
1169 739 1461 806 nesciunt,
1494 757 1607 794 nec
1658 737 1827 814 cujus
1876 755 2053 794 causa
2091 736 2397 806 laborent3

498 839 626 915 ejus
661 851 752 894 est
783 836 940 894 enim
973 835 1222 892 istorum
1249 831 1534 910 quidque,
1564 831 1667 909 qui
1694 831 1877 889 vincit
1901 830 2157 888 viribus:
2204 831 2399 888 amici-

497 933 712 990 tiarum
754 952 862 988 sua
903 930 1118 1006 cuique
1150 941 1465 1006 permanet
1504 925 1729 986 stabilis
1771 939 1833 983 et
1864 939 2029 983 certa
2060 927 2398 1002 possessi03

496 1041 577 1094 ut,
611 1027 791 1084 etiam
832 1025 882 1084 si
917 1026 1018 1082 illa
1057 1036 1351 1091 maneant,
1382 1043 1515 1100 quae
1554 1033 1689 1080 sunt
1730 1020 1898 1097 quasi
1932 1019 2087 1078 dona
2127 1021 2397 1090 fortunae,

494 1134 692 1179 tamen
733 1120 853 1177 vita
889 1119 1110 1177 inculta
1149 1129 1208 1176 et
1242 1117 1479 1174 deserta
1520 1117 1595 1174 ab
1638 1112 1844 1174 amicis
1882 1135 2001 1173 non
2040 1115 2232 1193 possit
2269 1136 2399 1174 esse

496 1215 780 1299 jucunda.
862 1213 985 1272 Sed
1010 1215 1138 1272 haec
1165 1213 1469 1270 hactenus.

575 1405 748 1464 XVI.
791 1410 886 1463 56.
921 1402 1331 1462 constituendi
1360 1414 1495 1460 sunt
1528 1413 1741 1470 autem,
1770 1401 1873 1478 qui
1902 1400 2022 1458 sint
2048 1400 2111 1458 in
2138 1400 2399 1460 amicitia

494 1501 659 1568 fines,
697 1513 758 1556 et
799 1499 967 1576 quasi
1015 1497 1252 1556 termini
1294 1495 1613 1574 diligendi;
1674 1495 1751 1554 de
1792 1495 2007 1572 quibus
2060 1507 2181 1553 tres
2223 1496 2397 1554 video

495 1595 810 1653 sententias
845 1594 1010 1663 ferri,
1039 1612 1292 1671 quarum
1326 1593 1553 1651 nullam
1586 1593 1814 1670 probo:
1856 1611 2053 1660 uncam,
2083 1604 2151 1650 ut
2183 1592 2397 1650 eodem

496 1690 676 1746 modo
718 1709 865 1766 erga
906 1690 1126 1746 amicos
1169 1687 1359 1746 affecti
1392 1687 1591 1755 simus,
1620 1707 1739 1764 quo
1778 1707 1925 1765 erga
1964 1688 2395 1765 nosmetipsos3

497 1785 759 1848 alteram,
796 1795 863 1838 ut
902 1794 1101 1840 nostra
1141 1783 1200 1840 in
1249 1783 1475 1840 amicos
1515 1782 1933 1841 benevolentia
1974 1783 2210 1840 illorum
2252 1803 2399 1862 erga

495 1895 603 1932 nos
645 1874 1065 1936 benevolentiae
1108 1878 1333 1952 pariter
1370 1877 1798 1954 aequaliterque
1838 1877 2229 1954 respondeat3
2258 1892 2399 1944 ter·

497 1969 653 2036 tiam,
687 1984 766 2038 ut,
796 1971 997 2046 quanti
1027 1971 1277 2048 quisque
1312 1992 1377 2029 se
1412 1972 1543 2049 ipse
1571 1971 1725 2039 facit,
1755 1973 1899 2030 tanti
1924 1972 2027 2030 fiat
2045 1973 2135 2030 -ab
2172 1973 2399 2031 amicis.

497 2071 591 2123 57.
633 2065 869 2123 Harum
917 2066 1099 2124 trium
1143 2067 1569 2124 sententiarum
1611 2067 1759 2125 nulli
1802 2087 2046 2145 prorsus
2096 2069 2400 2126 assentior.

496 2161 630 2219 Nec
677 2161 832 2218 enim
873 2161 974 2220 illa
1015 2162 1208 2239 prima
1249 2182 1395 2220 vera
1436 2175 1540 2229 est,
1572 2174 1653 2230 ut,
1683 2162 2183 2238 quemadmodum
2224 2163 2291 2220 in
2336 2184 2398 2221 se

495 2257 873 2332 quisque,'sic
901 2257 961 2314 in
992 2256 1250 2314 amicum
1280 2257 1354 2314 sit
1384 2257 1687 2314 animatus.
1770 2256 1973 2327 Quam
2001 2259 2187 2314 multa
2216 2258 2398 2326 enim,

493 2375 625 2428 quae
680 2367 882 2412 nostra
937 2373 1113 2410 causa
1166 2372 1469 2430 nunquam
1516 2351 1868 2421 faceremus,
1916 2352 2165 2410 facimus
2220 2373 2403 2411 causa

495 2447 854 2504 amicorum!
899 2446 1131 2523 precari
1159 2448 1232 2504 ab
1259 2447 1525 2523 indigno,
1554 2447 1890 2524 supplicare
1915 2469 1929 2504 ε
1964 2459 2089 2504 tum
2126 2449 2401 2506 acerbius

493 2539 552 2596 in
585 2541 845 2616 aliquem
873 2540 1088 2608 invehi,
1111 2540 1509 2616 insectarique
1530 2541 1973 2611 vehementiu83
2010 2561 2145 2619 quae
2173 2541 2239 2598 in
2270 2563 2402 2601 nos-

493 2634 597 2690 tris
639 2635 818 2690 rebus
858 2653 974 2692 non
1015 2635 1156 2692 eatis
1188 2635 1452 2704 honeste,
1480 2635 1539 2693 in
1578 2635 1903 2694 amicorum
1937 2635 2083 2693 fiunt
2114 2636 2404 2696 honestis-

495 2728 680 2786 sime:
721 2731 917 2786 multae
940 2748 1176 2807 quoque
1203 2749 1299 2786 res
1328 2742 1481 2797 sunt,
1504 2730 1563 2788 in
1586 2731 1800 2806 quibus
1820 2730 1899 2788 de
1926 2731 2047 2788 suis
2069 2733 2403 2802 commodis

494 2823 605 2882 viri
654 2825 789 2882 boni
839 2825 1024 2883 multa
1068 2824 1385 2882 detrahunt
1438 2823 1790 2902 detrahique
1847 2826 2168 2903 patiuntur,
2215 2840 2289 2884 ut
2333 2827 2405 2884 iis

497 2919 672 2978 amici
713 2920 930 2998 potius,
968 2939 1144 2996 quam
1186 2919 1316 2996 ipsi,
1352 2918 1639 2976 fruantur.
1721 2925 1819 2978 58.
1855 2922 2069 2979 Altera
2106 2923 2409 2980 sententia

495 3029 598 3084 est,
631 3037 764 3094 quae
793 3015 1003 3073 definit
1031 3013 1349 3071 amicitiam
1378 3015 1617 3090 paribus
1644 3013 1851 3073 officiis
1880 3036 1950 3074 ac
1978 3016 2406 3074 voluntatibus·

494 3111 633 3169 Hoc
655 3111 898 3188 quidem
921 3122 1008 3168 est
1028 3107 1204 3166 nimis
1233 3108 1453 3185 exigue
1476 3122 1535 3166 et
1554 3109 1791 3168 exiliter
1810 3111 1885 3170 ad
1908 3112 2166 3169 calculos
2188 3131 2406 3170 vocare

497 3206 828 3273 amicitiam,
851 3220 914 3262 ut
942 3225 1052 3282 par
1079 3204 1155 3262 sit
1183 3204 1331 3262 ratio
1362 3218 1743 3282 acceptorum
1772 3219 1831 3264 et
1859 3205 2148 3264 datorum.
2236 3207 2407 3264 Divi-

495 3297 611 3352 tior
637 3299 775 3355 mihi
808 3313 868 3356 et
897 3299 1224 3359 affluentior
1250 3298 1485 3357 videtur
1516 3319 1649 3358 esse
1676 3320 1821 3358 vera
1856 3301 2132 3370 amicitia,
2163 3321 2281 3362 nec
2307 3302 2408 3359 ob·

497 3410 736 3448 servare
764 3393 1050 3459 restricte}
1069 3414 1146 3450 ne
1167 3394 1302 3471 plus
1331 3394 1561 3463 reddat,
1586 3415 1765 3470 quam
1794 3395 2111 3473 acceperit.
2179 3396 2409 3474 Neque

497 3485 658 3542 enim
685 3485 1010 3542 verendum
1039 3499 1148 3556 est,
1176 3507 1254 3544 ne
1283 3488 1424 3565 quid
1453 3489 1723 3558 excidat3
1772 3503 1889 3558 aut,
1920 3511 1993 3547 ne
2022 3490 2164 3566 quid
2196 3491 2260 3548 in
2290 3505 2413 3549 ter-

494 3601 622 3639 ram
651 3581 904 3651 defluat3
951 3593 1068 3650 aut,
1098 3601 1174 3639 ne
1202 3584 1337 3660 plus
1371 3604 1545 3660 aequo
1572 3584 1632 3642 in
1668 3585 1989 3642 amicitiam
2024 3601 2413 3663 congeratur.

495 3682 592 3736 59.
630 3677 870 3736 Tertius
904 3697 1046 3738 vero
1080 3677 1181 3736 ille
1217 3679 1350 3737 finis
1382 3679 1755 3750 deterrimus,
1791 3693 1874 3751 ut,
1904 3683 2109 3760 quanti
2145 3685 2415 3763 quisque

496 3791 562 3830 se
588 3771 715 3849 ipse
741 3772 937 3842 faciat,
965 3772 1112 3832 tanti
1133 3773 1236 3831 fiat
1263 3773 1339 3832 ab
1368 3774 1589 3834 amicis.
1672 3775 1853 3853 Saepe
1882 3777 2044 3835 enim
2072 3778 2133 3836 in
2163 3781 2418 3854 quibus·
