2525 4409
395 330 518 392 112
1035 335 1335 384 consumi
1370 333 1638 386 suroris

389 473 566 536 Bruti
595 471 666 532 L.
681 470 726 532 J
727 470 916 530 ulium
941 467 1273 538 Mocillam,
1300 463 1661 545 praetorium,
1690 473 1753 520 et
1778 461 1909 540 ejus
1934 460 2143 532 filium,
2172 464 2299 521 Au-

389 570 632 646 lumque
679 566 1064 642 Torquatum,
1111 575 1467 640 ceterosque
1514 557 1647 638 pari
1688 557 1923 616 fortuna
1970 557 2299 633 perculsos,

391 660 712 722 instituerit
741 658 917 728 tueri,
947 671 1124 734 atque
1151 675 1232 716 ex
1259 655 1453 733 Epiro
1476 653 1567 712 his
1600 652 1803 711 omnia
1826 651 2302 710 Samothraciam

389 755 734 836 supportari
751 752 1014 834 jusserit.
1095 750 1363 810 Difficile
1394 761 1506 820 est,
1534 747 1735 807 omnia
1762 745 2061 825 persequi,
2088 758 2153 804 et
2182 766 2301 807 non

389 851 808 912 necessarium.
887 847 1048 908 Illud
1073 867 1258 906 unum
1286 845 1545 924 intelligi
1565 845 1855 914 volumus,
1876 841 2031 902 illius
2058 842 2298 900 liberal-

389 945 596 1007 itatem
620 965 818 1023 neque
843 943 1286 1022 temporariam,
1307 961 1505 1019 neque
1532 939 1805 1000 callidam
1829 938 2031 998 fuisse.
2114 938 2191 998 Id
2217 959 2297 998 ex

389 1041 536 1120 ipsis
561 1042 742 1100 rebus
763 1059 834 1099 ae
855 1038 1220 1118 temporibus
1236 1036 1501 1116 judicari
1520 1047 1737 1114 potest,
1758 1034 1920 1113 quod
1940 1054 2062 1092 non
2082 1035 2295 1092 floren-

389 1134 550 1196 tibus
595 1155 664 1194 se
708 1133 1048 1204 venditavit,
1093 1132 1202 1192 sed
1247 1131 1477 1190 afflictis
1526 1149 1764 1208 semper
1808 1129 2135 1188 succurrit:
2192 1130 2295 1206 qui

390 1230 638 1308 quidem
663 1229 1000 1299 Serviliam,
1023 1227 1196 1295 Bruti
1221 1239 1493 1295 matrem,
1513 1245 1631 1284 non
1660 1224 1857 1282 minus
1885 1236 2019 1302 post
2045 1237 2296 1302 mortem

387 1325 538 1403 ejus,
557 1343 736 1402 quam
755 1324 1024 1393 florente,
1045 1321 1311 1382 coluerit.
1388 1319 1493 1378 Sic
1512 1318 1871 1386 liberalitate
1896 1331 2075 1376 utens
2100 1320 2293 1377 nullas

389 1419 722 1480 inimicitias
749 1419 968 1497 gessit·
1009 1417 1168 1495 quod
1187 1435 1379 1493 neque
1398 1414 1653 1474 laedebat
1679 1432 2059 1491 quemquam,
2078 1433 2293 1490 neque,

391 1515 445 1574 si
479 1535 660 1592 quam
693 1514 774 1592 inj
783 1515 972 1574 uriam
1013 1523 1343 1590 acceperat,
1374 1510 1633 1570 malebat
1672 1509 1897 1578 ulcisci,
1924 1528 2104 1586 quam
2146 1509 2291 1567 obli-

389 1609 555 1668 visci.
637 1608 813 1668 Idem
833 1608 1152 1668 immortali
1174 1605 1459 1666 memoria
1484 1615 1773 1684 percepta
1797 1603 2095 1662 retinebat
2113 1603 2291 1662 bene·

388 1701 562 1774 ίὶοἰις
597 1720 732 1778 quas
759 1715 960 1760 autem
979 1702 1110 1808 ipse
1137 1700 1444 1770 tribuerat,
1466 1699 1695 1758 tamdiu
1718 1699 2081 1768 meminerat,
2100 1697 2291 1776 quoad

389 1795 494 1855 ille
527 1808 730 1872 gratus
763 1807 908 1864 erat,
935 1794 1041 1872 qui
1074 1807 1404 1872 acceperat.
1486 1795 1705 1872 Itaque
1738 1794 1837 1852 hie.
1866 1793 2027 1863 fecit,
2054 1806 2119 1852 ut
2152 1813 2291 1852 vere

389 1889 612 1948 dictum
666 1887 976 1947 videatur.
1049 1889 1165 1948 Sui
1213 1889 1417 1964 cuique
1473 1907 1655 1950 mores
1686 1887 1935 1965 fingunt
1962 1889 2289 1966 fortunam.

387 1983 608 2061 Neque
648 1995 850 2042 tamen
891 1983 1062 2091 prius
1103 1983 1204 2042 ille
1235 1982 1548 2053 fortunam,
1590 2003 1770 2061 quam
1808 2003 1873 2042 se
1904 1983 2054 2064 ipse,
2087 1983 2287 2043 finxit.

391 2079 494 2157 qui
519 2077 690 2152 eavit,
718 2098 796 2140 ne
823 2099 943 2157 qua
969 2078 1030 2137 in
1056 2097 1122 2138 re
1145 2079 1287 2157 jure
1314 2079 1695 2158 plecteretur.

468 2271 619 2328 XII.
659 2270 780 2328 His
807 2269 992 2348 igitur
1017 2269 1196 2329 rebus
1223 2269 1439 2340 effecit,
1466 2281 1533 2326 ut
1552 2268 1977 2346 M.Vipsanius
1998 2271 2289 2350 Agrippa,

392 2363 600 2423 intima
623 2362 1024 2422 familiaritate
1059 2365 1408 2442 conjunctus
1442 2363 1803 2445 adolescenti
1832 2363 2079 2435 Caesari,
2110 2387 2289 2444 quum
2384 2447 2387 2450 ᾗ

393 2468 638 2534 propter
663 2475 838 2514 suam
865 2457 1114 2533 gratiam
1143 2470 1202 2516 et
1223 2458 1478 2517 Caesaris
1498 2461 1827 2536 potentiam
1847 2460 2069 2520 nullius
2096 2461 2287 2519 eondi-

389 2549 562 2609 tionis
595 2569 714 2611 non
740 2549 992 2608 haberet
1024 2563 1402 2628 potestatem,
1430 2555 1807 2632 potissimum
1838 2555 1967 2632 ejus
1998 2555 2291 2633 deligeret

391 2643 756 2713 affinitatem,
789 2657 1265 2722 praeoptaretque
1298 2647 1513 2723 equitis
1546 2649 1803 2708 Romani
1828 2649 2010 2708 filiam
2046 2671 2289 2728 genero-

389 2759 588 2798 sarum
627 2739 870 2818 nuptiis.
949 2741 1151 2816 Atque
1183 2741 1391 2800 harum
1424 2743 1767 2828 nuptiarum
1800 2743 2153 2802 conciliator
2183 2744 2291 2804 fuit

389 2836 534 2914 (non
553 2848 648 2896 est
673 2835 832 2894 enim
859 2834 1198 2912 celandum)
1218 2835 1301 2894 M.
1319 2837 1633 2908 Antonius,
1656 2837 1923 2896 triumvir
1941 2839 2289 2918 reipublicae

388 2933 850 2995 constituendae.
915 2934 1085 3012 cujus
1140 2933 1333 3011 gratia
1378 2951 1561 3010 quum
1614 2955 1837 3013 augere
1885 2935 2289 3012 possessiones

385 3044 590 3138 posset
619 3051 776 3100 suas,
805 3041 1034 3088 tantum
1069 3027 1256 3087 abfuit
1288 3049 1325 3086 a
1356 3028 1681 3106 cupiditate
1716 3029 2005 3138 pecunias,
2036 3043 2101 3090 ut
2131 3033 2290 3090 nulla

386 3125 447 3183 in
481 3147 548 3184 re
583 3145 724 3185 usus
757 3125 836 3183 sit
861 3145 950 3195 ea,
977 3123 1090 3184 nisi
1125 3124 1186 3182 in
1221 3124 1615 3201 deprecandis
1650 3125 1975 3184 amicorum
2009 3131 2113 3183 aut
2141 3125 2287 3204 peri·

387 3221 554 3288 culis,
585 3233 687 3278 aut
717 3219 1123 3292 incommodis.
1204 3219 1392 3291 Quod
1419 3219 1659 3296 quidem
1694 3221 1847 3290 sub‘
1832 3239 1963 3298 ipsa
1993 3220 2287 3300 proscrip-

387 3312 548 3372 tione
574 3312 914 3389 perillustre
941 3313 1068 3372 fuit.
1147 3314 1311 3372 Nam
1338 3334 1523 3391 quum
1550 3315 1622 3372 L.
1641 3314 1890 3384 Saufeii,
1920 3315 2139 3392 equitis
2167 3317 2284 3373 Ro-

385 3407 564 3478 mani,
605 3406 852 3483 aequalis
899 3405 1010 3476 sui,
1055 3407 1160 3484 qui
1208 3410 1543 3486 complures
1590 3427 1789 3479 annos,
1832 3408 2029 3468 studio
2078 3409 2287 3468 ductus

383 3503 795 3583 philosophiae,
823 3503 1075 3563 Athenis
1107 3505 1425 3574 habitabat,
1451 3505 1827 3582 habebatque
1860 3505 1921 3561 in
1950 3504 2125 3565 Italia
2158 3523 2294 3582 pre-

383 3600 564 3660 tiosas
591 3597 1013 3678 possessionen,
1041 3597 1333 3658 triumviri
1361 3600 1517 3658 bona
1540 3599 1945 3658 vendidissent
1978 3611 2287 3658 eonsuetu-

383 3691 522 3752 dine
569 3713 662 3767 ea,
705 3713 826 3772 qua
869 3705 1000 3754 tum
1045 3713 1140 3754 res
1185 3695 1583 3772 gerebantur:
1630 3694 1817 3756 Attici
1848 3694 2057 3754 labore
2106 3707 2285 3773 atque
