2525 4409
411 338 495 396 62
965 350 1032 393 u.
1065 351 1126 393 r.
1161 348 1489 392 cronnoms
1526 347 1789 405 namus,

412 503 666 564 quaeque
698 481 816 562 ipsi
851 501 970 540 non
1003 481 1276 541 tribuunt
1316 479 1541 551 amicis,
1568 481 1699 540 haec
1735 481 1810 540 ab
1842 469 1939 539 eis
1968 480 2342 542 desiderant.

413 580 534 639 Par
575 591 666 638 est
709 589 928 647 autem,
961 577 1224 656 primum
1266 577 1467 658 ipsum
1508 596 1643 635 esse
1684 577 1879 634 virum
1920 579 2166 647 bonum,
2198 591 2342 637 tum

411 677 664 734 alterum
699 673 958 732 similem
992 673 1084 732 sui
1119 692 1409 749 quaerere.
1490 671 1563 729 In
1595 671 1813 730 talibus
1847 692 1939 742 ea,
1970 693 2149 751 quam
2174 675 2343 752 jam·

409 769 636 828 dudum
683 781 1023 837 tractamus,
1067 767 1353 826 stabilitas
1407 765 1679 825 amicitias
1726 767 2065 825 confirmari
2110 781 2339 845 potest,

411 885 549 924 cum
566 865 834 923 homines
849 863 1267 922 benevolentia
1287 847 1605 941 conjuncti,
1623 863 1879 941 primum
1902 863 2214 942 cupiditati
2222 865 2341 923 bus

408 960 500 1031 iis,
529 960 744 1037 quibus
785 959 970 1019 ceteri
1004 959 1292 1028 serviunt,
1326 959 1747 1037 imperabunt3
1792 958 2014 1018 deinde
2046 958 2339 1036 aequitate

410 1056 768 1136 justitiaque
791 1054 1152 1133 gaudebunt,
1172 1053 1493 1130 omniaque
1512 1054 1667 1112 alter
1682 1073 1792 1132 pro
1810 1055 1997 1112 altero
2014 1054 2309 1132 suscipiet
2320 1079 2335 1127 3

410 1171 606 1230 neque
629 1152 958 1229 quidquam
977 1169 1242 1227 unquam
1261 1149 1374 1207 nisi
1392 1151 1711 1209 honestum
1732 1162 1795 1207 et
1820 1163 2051 1208 rectum
2080 1151 2236 1210 alter
2260 1152 2338 1208 ab

412 1251 602 1308 altero
622 1247 950 1328 postulabit
968 1265 985 1316 ς
1027 1266 1227 1324 neque
1249 1247 1446 1304 solum
1468 1247 1671 1305 colent
1690 1247 1845 1304 inter
1866 1267 1948 1316 se,
1968 1267 2037 1306 ac
2058 1245 2335 1324 diligent,

411 1345 519 1404 sed
544 1345 724 1403 etiam
747 1343 1130 1402 verebuntur.
1213 1341 1377 1400 Nam
1400 1342 1729 1401 maximum
1752 1355 2161 1401 ornamentum
2185 1345 2335 1401 ami-

411 1441 568 1500 citiae
607 1441 779 1510 tollit,
810 1439 912 1518 qui
947 1458 1026 1497 ex
1059 1459 1134 1496 ea
1165 1438 1327 1496 tollit
1358 1437 1804 1497 verecundiam.
1886 1443 1982 1496 83.
2018 1439 2235 1516 Itaque
2272 1440 2335 1498 in

411 1535 482 1594 iis
511 1537 879 1616 perniciosus
911 1547 1002 1592 est
1034 1553 1220 1603 error,
1250 1534 1355 1611 qui
1384 1533 1740 1604 existimant,
1768 1534 2082 1593 libidinum
2116 1555 2335 1612 pecca·

411 1646 728 1708 torumque
755 1631 1020 1689 omnium
1044 1641 1252 1708 patere
1274 1629 1335 1686 in
1358 1629 1617 1690 amicitia
1634 1629 1959 1688 licentiam.
2018 1629 2333 1688 Virtutum

413 1727 674 1786 amicitia
705 1726 968 1803 adjutrix
1003 1746 1040 1784 a
1071 1737 1283 1784 natura
1317 1725 1455 1784 data
1488 1739 1600 1796 est,
1628 1745 1747 1784 non
1777 1726 2053 1784 vitiorum
2088 1745 2329 1797 comes3

411 1836 498 1892 ut,
521 1821 802 1899 quoniam
833 1820 1096 1878 solitaria
1121 1841 1235 1878 uon
1263 1834 1469 1901 posset
1496 1821 1683 1880 virtus
1712 1821 1789 1879 ad
1816 1841 1910 1890 ea,
1934 1841 2068 1899 quae
2096 1841 2335 1880 summa

412 1929 566 1986 sunt,
595 1914 929 1994 pervenire,
965 1916 1285 1994 conjuncta
1324 1929 1386 1974 et
1426 1917 1758 1976 consociata
1798 1937 1934 1974 cum
1976 1917 2161 1975 altera
2196 1939 2332 1996 per-

411 2012 658 2072 veniret.
740 2011 898 2083 Quae
927 2011 978 2069 si
1009 2001 1348 2090 quos’inter
1379 2013 1636 2072 societas
1670 2025 1773 2071 aut
1800 2025 1906 2081 est,
1940 2025 2041 2070 aut
2066 2013 2200 2082 fuit,
2232 2026 2335 2072 aut

409 2109 608 2168 futura
629 2122 738 2179 est,
757 2129 965 2166 eorum
991 2121 1083 2166 est
1097 2108 1411 2167 habendus
1434 2108 1509 2167 ad
1532 2129 1831 2167 summum
1852 2121 2079 2168 naturae
2103 2110 2331 2169 bonum

411 2206 674 2285 optimus
693 2205 1189 2282 beatissimusque
1208 2203 1538 2263 comitatus.
1620 2209 1716 2262 84.
1753 2205 1907 2263 Haeo
1928 2217 2039 2274 est,
2062 2205 2327 2283 inquam,

407 2302 680 2369 societas,
711 2301 771 2358 in
799 2321 917 2378 qua
950 2301 1146 2358 omnia
1176 2300 1395 2370 insunt,
1424 2321 1559 2379 quae
1593 2314 1807 2380 putant
1838 2302 2109 2360 homines
2144 2323 2328 2382 expe·

409 2395 608 2464 tenda,
637 2395 934 2464 honestae,
965 2397 1177 2474 gloria,
1203 2398 1597 2474 tranquillitas
1624 2399 1819 2467 animi,
1852 2411 2027 2476 atque
2045 2400 2329 2478 jucundi·

407 2502 533 2548 tas:
577 2503 658 2558 ut,
689 2501 767 2559 et,
800 2510 936 2548 cum
965 2491 1094 2550 haec
1123 2491 1332 2560 adsint,
1354 2493 1529 2550 beata
1555 2493 1677 2552 vita
1704 2493 1797 2562 sit,
1822 2507 1883 2552 et
1909 2494 2041 2552 sine
2070 2495 2161 2552 his
2192 2517 2329 2555 esse

409 2605 526 2642 non
562 2584 761 2662 possit.
843 2584 1027 2657 Quod
1061 2608 1198 2646 cum
1239 2588 1529 2666 optimum
1570 2589 2017 2668 maximumque
2057 2591 2150 2662 sit,
2187 2592 2240 2650 si
2267 2591 2329 2650 id

409 2681 681 2739 volumus
723 2681 994 2761 adipisci,
1021 2682 1222 2741 virtuti
1266 2705 1451 2762 opera
1491 2684 1687 2746 danda
1731 2698 1841 2756 est,
1876 2686 2006 2744 sine
2047 2707 2169 2764 qua
2212 2708 2329 2748 nec

409 2777 744 2848 amicitiam,
767 2799 966 2857 neque
994 2781 1178 2837 ullam
1206 2799 1335 2838 rem
1368 2782 1773 2860 expetendam
1802 2783 2085 2860 consequi
2113 2803 2325 2861 possu-

406 2895 574 2934 mus:
619 2894 694 2932 ea
719 2895 864 2934 vero
891 2876 1186 2954 neglecta,
1217 2875 1319 2953 qui
1348 2895 1413 2934 se
1444 2877 1664 2935 amicos
1692 2877 1917 2938 habere
1946 2877 2324 2949 arbitrantur,

405 2984 530 3030 turn
566 2992 632 3030 se
667 2970 929 3049 denique
963 2991 1192 3030 errasse
1234 2971 1513 3041 sentiunt,
1550 2993 1685 3031 cum
1722 2994 1827 3032 eos
1869 2973 2067 3052 gravis
2110 2975 2327 3053 aliquis

407 3087 579 3125 casus
617 3067 881 3146 experiri
917 3067 1089 3146 cogit.
1183 3072 1277 3125 85.
1317 3067 1622 3139 Quocirca
1656 3068 2004 3146 (dicendum
2040 3083 2129 3128 est
2162 3071 2324 3128 enim

407 3162 650 3239 saepius)
690 3185 824 3221 cum
853 3163 1238 3241 judicaveris,
1271 3163 1521 3241 diligere
1562 3177 1829 3242 oportet3
1886 3185 2026 3234 non,
2062 3186 2200 3224 cum
2236 3167 2322 3224 di-

406 3256 643 3323 lexeris,
671 3258 960 3333 judicare.
1041 3259 1166 3317 Sed
1203 3279 1339 3317 cum
1380 3261 1585 3318 multis
1628 3260 1688 3317 in
1730 3260 1909 3318 rebus
1950 3261 2322 3339 negligentia

407 3349 744 3429 plectimur,
773 3364 900 3409 tum
933 3355 1194 3412 maxime
1229 3353 1289 3411 in
1327 3354 1528 3412 amicis
1564 3366 1626 3413 et
1652 3355 1987 3433 deligendis
2024 3369 2086 3413 et
2121 3358 2324 3415 colen-

405 3446 496 3504 dis
514 3466 544 3504 ε’
588 3447 970 3524 praeposteris
1015 3449 1175 3506 enim
1222 3450 1447 3507 utimur
1488 3450 1742 3508 consiliis
1784 3464 1845 3508 et
1886 3465 2017 3509 acta
2066 3453 2322 3530 agimus,

403 3542 564 3621 quod
593 3555 864 3600 vetamur
894 3543 1080 3601 veteri
1118 3545 1457 3622 proverbio,
1542 3546 1703 3604 Nam
1737 3547 2028 3625 implicati
2062 3549 2221 3604 ultro
2260 3561 2326 3606 et

403 3639 568 3709 citro,
593 3639 689 3696 vel
711 3631 820 3698 usu
843 3637 1138 3709 diuturno,
1162 3643 1258 3699 vel
1283 3641 1465 3700 etiam
1496 3642 1722 3711 officiiS,
1746 3656 1999 3722 repente
2028 3643 2088 3702 in
2116 3643 2325 3704 medio

403 3753 579 3793 cursu
609 3734 915 3805 amicitias,
945 3746 1156 3796 exorta
1185 3736 1385 3813 aliqua
1410 3737 1737 3798 offensione
1762 3738 2178 3818 dirumpimus.
