2525 4409
910 392 1417 436 ArrchS.—0AP.
1444 394 1553 448 1v.,
1576 397 1635 438 v.
2105 385 2225 442 107

307 535 378 583 et
407 522 780 582 humanitate
813 521 1199 582 et·doctrina.
1281 524 1383 582 Sic
1416 524 1576 582 enim
1605 524 1821 584 Graece
1846 516 2250 603 loquebatur,⁸

309 631 386 676 ut
416 617 672 676 Athenis
711 628 882 674 natus
915 617 1230 676 videretur.
1257 603 1262 608 ⁸
1317 619 1511 679 Tanta
1550 633 1753 679 autem
1794 623 2051 680 suavitas
2094 638 2227 684 erat

309 712 612 770 sermonis
649 711 869 781 Latini,
913 724 980 770 ut
1024 727 1357 790 appareret,
1396 714 1459 772 in
1504 735 1577 774 eo
1618 715 1883 774 nativum
1924 719 2222 794 quendam

307 809 588 886 leporem
609 827 760 890 esse,
781 825 898 864 non
927 806 1230 866 adscitum.
1313 809 1485 867 Idem
1506 815 1785 887 poe‘mata
1804 813 2223 888 pronuntiabat

311 913 378 960 et
395 903 612 960 Graece
629 915 692 959 et
708 901 926 960 Latine
949 901 1052 971 sic,
1073 914 1139 959 ut
1163 922 1347 980 supra
1366 903 1513 961 nihil
1529 917 1730 982 posset
1751 905 1905 962 addi.
1980 907 2221 978 Quibus

307 998 496 1054 rebus
521 994 746 1054 factum
771 1008 882 1066 est,
903 1008 969 1054 ut
997 995 1166 1054 Sulla
1191 1017 1482 1076 nusquam
1516 1019 1655 1057 eum
1692 1000 1767 1058 ab
1800 1019 1869 1058 se
1899 1000 2221 1061 dimitteret

313 1104 685 1168 cuperetque
713 1110 920 1148 secum
949 1089 1269 1150 deducere.
1348 1093 1479 1164 Qui
1499 1113 1681 1170 quum
1709 1094 2067 1172 persuadere
2094 1109 2219 1155 ten-

307 1197 488 1254 taret,
515 1185 676 1254 Noli,
698 1204 798 1242 oro
825 1195 896 1255 te,
916 1183 1106 1260 inquit
1125 1185 1515 1264 Pomponius,
1536 1187 1842 1246 adversum
1862 1209 1951 1246 eos
1969 1211 2059 1248 me
2078 1191 2221 1248 velle

308 1279 535 1351 ducere,
563 1299 690 1338 cum
717 1279 922 1356 quihus
945 1299 1016 1338 ne
1039 1291 1236 1338 contra
1270 1291 1323 1338 te
1354 1300 1525 1338 arma
1534 1282 1783 1358 serrem,
1807 1283 2051 1341 Italiam
2085 1285 2217 1342 reli-

309 1375 436 1450 qui.
512 1375 598 1432 At
627 1373 814 1444 Sulla,
842 1373 1235 1432 adolescentis
1263 1371 1463 1432 officio
1492 1375 1839 1445 collaudato,
1871 1379 2067 1436 omnia
2094 1398 2219 1436 mu-

307 1491 464 1529 nera
491 1470 568 1541 ei,
590 1469 724 1549 quae
744 1470 999 1528 Athenis
1029 1480 1359 1570 acceperat,
1382 1465 1763 1546 proficiscens
1782 1470 1961 1548 jussit
1980 1471 2217 1530 deferri.

309 1565 443 1624 Hic
473 1563 841 1642 complures
837 1583 1020 1621 anuos
1031 1559 1333 1632 moratus,
1361 1583 1549 1640 quum
1584 1575 1645 1620 et
1676 1559 1765 1621 rei
1792 1563 2065 1621 familiari
2094 1577 2220 1622 tan-

307 1673 444 1718 tum
466 1678 678 1738 operae
705 1657 892 1728 daret,
921 1669 1211 1735 quantum
1243 1675 1364 1714 non
1398 1657 1721 1735 indiligens
1748 1657 1998 1716 deberet
2025 1672 2219 1738 pater-

305 1754 592 1826 familias,
621 1751 702 1811 et'
717 1751 916 1811 omnia
945 1749 1176 1828 reliqua
1207 1753 1483 1831 tempora
1516 1765 1616 1810 aut
1648 1749 1879 1823 litteris,
1910 1765 2011 1812 aut
2035 1754 2217 1812 Athe-

304 1847 606 1907 niensium
633 1846 985 1926 'reipublicae
1011 1846 1319 1916 tribueret,
1336 1845 1727 1907 'nihilominus
1755 1847 1959 1906 amicis
1992 1849 2219 1906 urbana

308 1942 506 2001 officia
535 1942 824 2021 praestitit.
906 1941 1068 1999 Nam
1101 1953 1166 2000 et
1199 1941 1279 2000 ad
1308 1937 1545 2001 comitia
1571 1963 1778 2001 eorum
1805 1943 2111 2002 ventitavit
2136 1955 2216 2012 et,

305 2039 368 2097 si
403 2059 520 2115 qua
557 2057 653 2096 res
693 2037 884 2115 major
915 2035 1046 2095 acta
1077 2049 1189 2108 est,
1221 2033 1343 2095 uon'
1374 2035 1602 2096 defuit:
1656 2037 1811 2095 sicut
1843 2038 2121 2096 Ciceroni
2156 2037 2219 2131 in

311 2133 596 2192 omnibus
624 2133 756 2211 ejus
788 2131 1070 2210 periculis
1097 2133 1463 2210 singularem
1499 2131 1679 2188 fidem
1704 2131 1974 2209 praebuit,
2003 2131 2101 2188 cui
2138 2149 2218 2187 ex

305 2231 510 2310 patria
535 2227 786 2308 fugienti
814 2228 994 2288 LLS.
1017 2229 1282 2286 ducenta
1308 2239 1369 2286 et
1396 2225 1825 2304 quinquaginta
1837 2223 2025 2284 millia
2042 2225 2218 2282 dona-

305 2326 416 2386 vit.
498 2323 922 2402 Tranquillatis
955 2335 1154 2382 autem
1187 2321 1369 2379 rebus
1398 2320 1704 2389 Romanis,
1730 2317 2073 2397 remigravit
2099 2317 2218 2377 Ro-

306 2439 496 2490 mam,
517 2432 582 2478 ut
609 2419 838 2498 opinor,
861 2417 933 2476 L.
951 2418 1128 2476 Cotta
1155 2428 1214 2474 et
1238 2416 1312 2474 L.
1335 2417 1641 2493 Torquato
1668 2415 2020 2484 consulibus,
2039 2435 2219 2492 quem

305 2517 478 2574 diem
512 2515 597 2573 sie
629 2513 908 2573 universa
939 2512 1143 2570 civitas
1177 2509 1633 2569 Atheniensium
1664 2521 1981 2588 prosecuta
2012 2523 2122 2579 est,
2150 2520 2219 2568 ut

303 2611 574 2671 lacrimis
600 2608 886 2668 desiderii
911 2606 1092 2665 futuri
1121 2606 1391 2666 dolorem
1413 2604 1719 2664 indicaret.
1942 2583 1975 2618 ⁶

393 2801 476 2860 V.
516 2799 800 2858 Habebat
840 2797 1196 2856 avunculum
1229 2795 1312 2868 Q.
1335 2795 1666 2864 Caecilium,
1702 2793 1965 2870 equitem
2000 2793 2217 2850 Roma-

304 2917 478 2966 num,
494 2889 846 2954 familiarem
869 2892 941 2951 L.
956 2892 1219 2961 Luculli,
1237 2890 1499 2959 divitem,
1518 2887 1858 2968 difficillima
1876 2898 2100 2953 natura,
2119 2905 2218 2942 cu-

304 2995 422 3072 jus
451 2991 536 3050 sic
563 2985 948 3068 asperitatem
967 2987 1190 3046 veritus
1212 2999 1318 3055 est,
1338 2998 1419 3055 ut,
1440 2980 1623 3063 quem
1650 2998 1825 3041 nemo
1844 2980 1971 3038 fere
1998 2992 2217 3056 posset,

303 3087 496 3164 hujus
535 3085 664 3144 sine
699 3082 1018 3142 offensione
1061 3081 1136 3140 ad
1169 3077 1459 3140 summam
1500 3087 1865 3137 senectutem
1905 3074 2221 3132 retinuerit

303 3179 816 3242 benevolentiam.
897 3178 1042 3251 Quo
1063 3176 1222 3236 facto
1250 3175 1389 3236 tulit
1414 3171 1652 3253 pietatis
1679 3170 1951 3228 fructum.
2034 3167 2223 3226 Caeci-

303 3278 434 3336 lius
462 3276 621 3334 enim
649 3273 912 3332 moriens
938 3283 1291 3331 testamento
1318 3266 1619 3348 adoptavit
1648 3285 1787 3323 eum
1816 3263 2221 3340 heredemque

302 3371 457 3431 fecit
482 3391 558 3429 ex
588 3368 914 3428 dodrante:
956 3365 1040 3426 ex'
1063 3385 1181 3443 qua
1206 3363 1535 3423 hereditate
1564 3359 1794 3439 accepit
1822 3361 2059 3420 circiter
2085 3378 2220 3416 cen-

303 3467 428 3525 ties
465 3465 646 3523 LLS.
745 3463 896 3522 Erat
939 3475 1129 3540 nupta
1181 3477 1349 3518 soror
1379 3456 1567 3517 Attici
1601 3456 1682 3528 Q.
1706 3455 1907 3514 Tullio
1940 3453 2223 3512 Ciceroni

303 3581 536 3637 easque
565 3560 806 3638 nuptias
829 3558 916 3618 M.
933 3557 1152 3614 Cicero
1181 3552 1545 3620 conciliarat,
1570 3570 1705 3608 cum
1727 3569 1845 3626 quo
1874 3570 1911 3606 a
1938 3545 2223 3605 condisci-

301 3649 530 3738 pulatu
570 3654 812 3712 vivebat
855 3647 1358 3730 conjunctissime,
1397 3646 1583 3703 multo
1630 3644 1813 3702 etiam
1854 3637 2223 3708 familiarius,

304 3768 495 3845 quam
531 3767 669 3808 cum
697 3747 956 3822 Quint03
974 3757 1040 3804 ut
1064 3739 1326 3824 judicari
1352 3737 1557 3819 possit,
1583 3735 1769 3817 plus
1752 3755 1815 3793 m
1848 3732 2103 3793 amicitia
2126 3752 2223 3791 va-
