2525 4409
485 413 630 457 sive
669 413 750 455 nn
786 410 1403 455 numerurm—esi».
1430 410 1585 461 xxi„
1608 410 1769 450 xxn.
1997 396 2081 454 29

173 546 397 615 sentio;
444 565 578 603 cum
612 556 778 603 tanta
812 542 1081 603 celeritas
1115 540 1445 599 animorum
1478 538 1573 610 sit,
1601 551 1767 599 tanta
1792 541 2081 599 memoria

169 642 625 720 praeteritorum,
666 638 1122 714 futurorumque
1168 636 1511 723 prudentia,
1554 648 1665 713 tots
1688 648 1866 706 artes,
1883 649 2075 697 'tantae

167 737 453 804 scientias,
488 747 576 793 tot
608 735 885 804 inventa3
933 752 1052 791 non
1086 752 1277 810 posse·
1304 750 1440 789 eam
1480 702 1939 808 naturs‘nciffiu‘ae
1981 750 2075 789 res

166 851 266 890 cas
305 830 627 899 contineat,
661 848 792 887 esse
835 828 1180 886 mortalem:
1235 844 1491 903 cumque
1539 845 1783 903 semper
1822 826 2075 904 agitetur

167 927 420 996 animus,
440 946 552 985 nec
569 923 930 1003 principium
949 934 1143 980 motns
1159 922 1398 990 habeat,
1416 920 1559 998 quia
1572 940 1637 979 se
1654 920 1787 999 ipse
1810 932 2070 992 moveat3

163 1042 242 1080 ne
270 1022 452 1081 finem
481 1018 724 1097 quidem
750 1018 1092 1077 habiturum
1119 1036 1250 1075 esse
1278 1030 1487 1086 motus,
1515 1017 1657 1094 qnia
1682 1036 1979 1093 nunquam
2006 1036 2073 1075 se

163 1116 292 1193 ipse
335 1116 415 1174 sit
451 1116 800 1173 relicturus:
856 1126 932 1181 et,
969 1132 1106 1171 cum
1137 1112 1394 1189 simplex
1430 1111 1613 1170 animi
1644 1124 1857 1170 natura
1890 1124 2071 1182 esset,

162 1230 358 1286 neque
386 1210 634 1267 haberet
661 1208 722 1265 in
750 1206 1155 1284 nequidquam
1185 1205 1517 1265 admixtum
1538 1205 1741 1283 dispar
1763 1204 1874 1274 sui,
1892 1218 2071 1282 atque

162 1304 475 1373 dissimile,
503 1323 622 1360 non
655 1322 832 1380 posse
867 1322 1004 1360 eum
1037 1300 1256 1371 dividi3
1301 1300 1459 1378 quod
1490 1301 1540 1358 si
1573 1320 1689 1358 non
1724 1300 1924 1378 possit,
1953 1320 2072 1358 non

161 1416 348 1476 posse
377 1397 616 1455 interire
639 1419 654 1455 z
697 1415 1038 1473 magnoque
1067 1414 1196 1453 esse
1225 1407 1596 1471 argumento,
1625 1395 1895 1453 homines
1922 1395 2074 1453 scire

162 1492 458 1570 pleraque
491 1503 630 1549 ante
658 1510 836 1568 quam
867 1488 990 1547 nati
1025 1489 1162 1558 sint,
1189 1488 1349 1566 quod
1366 1490 1499 1566 jam
1528 1489 1723 1566 pueri,
1753 1508 1887 1547 curn
1923 1501 2076 1546 artes

162 1586 444 1645 difficiles
473 1586 718 1655 discant,
739 1586 826 1643 ita
852 1584 1130 1643 celeriter
1155 1604 1252 1641 res
1280 1583 1743 1641 innumerabiles
1772 1582 2073 1659 arripiant,

160 1693 230 1739 ut
257 1701 360 1739 eas
387 1702 506 1738 non
534 1694 662 1739 tum
691 1679 952 1757 primum
985 1678 1258 1756 accipere
1284 1677 1615 1748 videantur,
1642 1677 1747 1737 sed
1776 1677 2075 1737 reminisci

163 1789 226 1835 et
249 1774 576 1835 recordari.
655 1774 812 1833 Haec
839 1774 1104 1832 Platonis
1131 1773 1277 1832 fere.

239 1966 453 2025 XXII.
497 1970 590 2023 79.
625 1963 810 2043 Apud
840 1964 1303 2043 Xenophontem
1345 1976 1545 2023 autem
1586 1966 1845 2023 moriens
1876 1964 2071 2041 Cyrus

160 2061 352 2139 major
368 2062 502 2131 -haec
532 2059 709 2119 dicit:
749 2059 984 2119 “Nolite
1010 2059 1315 2127 arbitrari,
1350 2060 1406 2118 Ο
1433 2060 1585 2117 mihi
1612 2061 1903 2117 carissimi
1916 2058 2071 2135 filii,

161 2176 268 2225 me,
289 2176 420 2214 cum
450 2174 490 2211 a
516 2154 674 2213 vobis
700 2154 1015 2222 discessero,
1037 2172 1323 2228 nusquam
1350 2164 1455 2210 aut
1482 2154 1702 2211 nullum
1712 2154 1872 2231 fore.
1953 2155 2074 2212 Nec

159 2252 328 2319 enim,
346 2250 488 2307 dum
503 2269 660 2307 eram
677 2249 980 2318 vobiscum,
998 2247 1256 2304 animam
1274 2267 1460 2305 meam
1478 2246 1765 2305 videbatis
1776 2270 1798 2305 .·
1834 2247 1934 2304 sed
1948 2268 2075 2306 eum

160 2366 275 2405 esse
306 2347 374 2404 in
404 2346 508 2403 hoc
537 2364 766 2420 corpore
797 2362 866 2400 ea:
898 2344 974 2401 iis
1003 2344 1186 2410 rebus,
1216 2362 1365 2419 quas
1397 2342 1689 2417 gerebam,
1718 2342 2075 2419 intelligeba-

161 2442 252 2499 tis.
325 2440 602 2499 Eundem
623 2440 812 2515 igitur
836 2458 949 2497 esse
973 2438 1258 2507 ereditote,
1278 2438 1455 2496 etiam
1473 2438 1527 2496 si
1543 2438 1765 2496 nullum
1788 2438 2073 2497 videbitis.

162 2541 258 2594 80.
293 2537 417 2595 Nec
439 2556 568 2593 vero
592 2536 882 2593 clarorum
903 2536 1158 2593 virorum
1173 2544 1310 2610 post
1336 2544 1568 2592 mortem
1587 2535 1823 2592 honores
1839 2555 2074 2610 perma-

160 2643 375 2701 nerent,
401 2633 454 2689 si
485 2631 638 2689 nihil
669 2650 862 2689 eorum
894 2632 1146 2707 ipsoram
1179 2630 1367 2688 animi
1400 2630 1686 2707 efficerent,
1709 2650 1818 2707 quo
1850 2631 2074 2687 diutius

161 2732 496 2786 memoriam
526 2728 619 2784 sui
645 2737 966 2784 teneremus.
1052 2726 1217 2783 Mihi
1244 2725 1477 2801 quidem
1507 2746 1804 2801 nunquam
1828 2745 2071 2801 persua·

163 2822 290 2880 deri
320 2823 534 2898 potuit,
567 2823 808 2889 animos,
843 2820 984 2877 dum
1023 2821 1084 2878 in
1125 2821 1457 2895 emporibus
1497 2830 1674 2877 essent
1713 2818 2099 2888 mortalibus,'

161 2919 354 2977 vi‘vere
370 2940 396 2983 ,·
440 2936 569 2973 cam
603 2917 842 2973 exissent
873 2935 942 2972 ex
967 2916 1062 2983 iis,
1093 2916 1307 2971 emori:
1351 2934 1451 2971 nec
1480 2934 1627 2981 vera,
1658 2923 1778 2970 tam
1812 2914 2075 2970 animum

162 3034 278 3071 esse
319 3010 696 3084 insipientem,
731 3028 857 3066 cam
896 3029 966 3066 ex
1005 3009 1303 3083 insipienti
1340 3026 1572 3083 corpore
1613 3008 1878 3064 evasisset
1895 3029 1919 3071 ,·
1976 3007 2075 3063 sed

161 3128 295 3166 cum
334 3104 490 3161 omni
528 3102 882 3159 admixtione
919 3103 1170 3175 corporis
1209 3102 1503 3168 liberatus,
1536 3120 1723 3175 purus
1762 3110 1817 3156 et
1856 3100 2077 3174 integer
2161 3106 2169 3113 ”

161 3222 279 3261 esse
301 3198 570 3273 capi-sset,
589 3207 710 3253 tum
730 3215 842 3252 esse
860 3196 1188 3270 sapientem.
1259 3196 1452 3270 Atque
1471 3196 1664 3262 etiam,
1682 3213 1810 3251 cam
1828 3195 2075 3253 hominis

161 3307 382 3355 natura
422 3303 599 3350 morte
630 3290 983 3359 dissolvitur,
1009 3299 1319 3347 ceterarum
1359 3307 1547 3347 rerum
1571 3291 1940 3366 perspicuum
1996 3302 2079 3350 est

164 3410 278 3467 quo
305 3408 538 3465 quaque
563 3386 861 3445 discedant
875 3408 902 3453 ;
946 3385 1157 3443 abeunt
1182 3386 1333 3443 enim
1361 3384 1501 3443 illuc
1526 3386 1737 3457 omnia,
1766 3388 1917 3447 unde
1942 3400 2075 3453 orta,

163 3496 298 3544 sunt
317 3506 337 3541 .-
375 3484 604 3541 animus
632 3492 824 3540 autem
849 3481 1002 3539 solus
1027 3499 1146 3549 nec,
1165 3500 1293 3538 eam
1320 3480 1499 3551 adest,
1520 3503 1634 3551 nec,
1652 3504 1781 3541 cum
1806 3484 2072 3556 discedit,

165 3590 430 3656 apparet.
509 3578 651 3638 Jam
693 3598 824 3636 vero
866 3576 1091 3645 videtis,
1131 3576 1285 3633 nihil
1327 3597 1438 3634 esse
1484 3577 1654 3635 morti
1698 3588 1821 3635 tam
1866 3578 2073 3646 simile,

168 3694 346 3752 quam
373 3654 701 3761 somnumJ⁸
729 3677 824 3733 81.
854 3672 1040 3749 Atqui
1061 3670 1465 3729 dormientium
1488 3672 1677 3739 animi
1702 3674 1954 3729 maxime
1979 3671 2074 3729 de·

167 3770 398 3828 darant
415 3768 778 3829 divinitatem
796 3787 964 3828 suam
984 3786 1010 3827 .·
1054 3767 1242 3827 multa
1270 3767 1433 3834 enim,
1443 3784 1571 3825 cum
1590 3766 1815 3825 remissi
1835 3776 1889 3836 et
1908 3766 2075 3825 liberi
