2525 4409
609 394 754 437 siva
789 394 872 437 nr.
909 392 1451 437 Anicium—car.
1480 394 1665 437 xxm.
2026 382 2109 439 68

259 524 514 589 XXIII.
558 530 652 586 86.
689 527 836 598 Quo
862 525 1044 585 etiam
1071 526 1265 605 magis
1286 525 1685 605 vituperanda
1712 539 1803 585 est
1830 527 1919 585 rei
1948 548 2111 589 max·

178 624 300 687 ime
340 623 698 685 necessariae
737 634 898 681 tanta
921 622 1176 681 incuria.
1257 622 1401 681 Una
1435 635 1529 681 est
1562 623 1722 681 enim
1760 624 2023 683 amicitia
2047 625 2111 685 in

175 721 364 781 rebus
397 720 700 787 humanis,
732 718 810 777 de
848 718 1020 795 cujus
1051 718 1307 776 utilitate
1340 738 1549 776 omnes
1580 738 1701 776 uno
1730 738 1835 777 ore
1864 738 2110 779 eonsen-

177 816 369 877 tiunt:
436 834 802 893 quamquam
843 833 886 872 a
931 814 1130 873 multis
1173 814 1307 892 ipsa
1348 814 1533 873 virtus
1588 815 2005 886 contemnitur,
2048 828 2113 875 et

177 911 518 973 venditatio
551 910 828 988 quaedam
867 920 1053 986 atque
1085 908 1407 967 ostentatio
1442 928 1579 968 esse
1616 909 1849 969 dicitur.
1932 911 2110 969 Multi

177 1006 424 1065 divitias
474 1005 829 1084 despiciunt,
875 1024 1028 1083 quos
1077 1025 1265 1083 parvo
1320 1018 1629 1065 contentos
1680 1007 1877 1067 tenuis
1918 1007 2109 1067 victua

177 1103 503 1180 cultusque
533 1101 794 1161 delectat
809 1124 826 1173 ;
870 1102 1127 1159 honores
1154 1120 1322 1170 vero,
1346 1119 1600 1177 quorum
1628 1102 1953 1181 cupiditate
1982 1103 2109 1181 qui-

176 1198 322 1255 dam
367 1198 829 1267 inflammantur,
864 1216 1042 1273 quam
1089 1196 1265 1254 multi
1298 1195 1381 1255 ita
1420 1208 1824 1267 contemnunt,
1859 1210 1925 1256 ut
1961 1198 2111 1256 nihil

175 1291 446 1361 inanius,
483 1292 631 1349 nihil
663 1292 853 1350 levius
902 1312 1036 1349 esse
1085 1291 1462 1349 existiment!
1568 1290 1845 1367 Itemque
1894 1304 2111 1361 cetera,

180 1408 321 1465 quae
365 1386 734 1464 quibusdam
777 1384 1148 1444 admirabilia
1181 1385 1482 1454 videntur,
1516 1386 1797 1463 permulti
1828 1398 1981 1456 sunt,
2011 1387 2113 1464 qui

177 1501 296 1561 pro
346 1481 537 1540 nihilo
579 1494 809 1561 putent.
891 1480 992 1539 De
1041 1479 1303 1539 amicitia
1349 1500 1559 1539 omnes
1606 1479 1683 1537 ad
1724 1500 1907 1539 unum
1950 1481 2112 1539 idem

179 1578 476 1647 sentiunt,
509 1590 572 1637 et
597 1577 658 1647 ii,
691 1578 792 1655 qui
823 1576 896 1635 ad
926 1576 1363 1655 rempublicam
1404 1596 1469 1635 se
1511 1578 1918 1647 contulerunt3
1961 1588 2023 1635 et
2048 1576 2113 1647 ii,

180 1674 287 1751 qui
323 1693 531 1731 rerum
574 1672 915 1751 cognitione
944 1672 1345 1749 'doctrinaque
1377 1672 1783 1745 delectantur;
1828 1684 1889 1731 et
1920 1673 1981 1743 ii,
2012 1674 2115 1751 qui

181 1788 364 1827 suum
405 1769 720 1847 negotium
762 1780 978 1847 gerunt
1019 1766 1229 1839 otiosi3
1281 1780 1589 1846 postremo
1626 1768 1688 1838 ii,
1718 1768 1822 1845 qui
1856 1789 1921 1827 se
1964 1781 2115 1832 totos

182 1864 566 1924 tradiderunt
588 1864 1010 1942 voluptatibus,
1037 1864 1164 1922 sine
1193 1864 1457 1923 amicitia
1486 1864 1669 1923 vitam
1700 1884 1837 1923 ease
1862 1866 2109 1934 nullam,

183 1960 234 2018 si
256 1960 444 2020 modo
464 1961 648 2019 velint
675 1961 878 2038 aliqua
899 1980 976 2019 ex
997 1972 1166 2038 parte
1187 1959 1519 2019 liberaliter
1528 1946 1759 2019 rivere.
1840 1966 1937 2020 8⁷.
1966 1961 2108 2039 Ser-

183 2056 274 2135 pit
302 2057 470 2114 enim
497 2056 698 2115 nescio
721 2055 1020 2133 quomodo
1043 2074 1153 2133 per
1173 2054 1441 2112 omnium
1462 2055 1643 2114 vitam
1666 2056 1959 2127 amicitia3
1996 2077 2112 2115 nec

184 2153 366 2211 ullam
388 2152 586 2212 aetatis
608 2150 902 2230 degendae
925 2149 1217 2208 rationem
1238 2149 1469 2227 patitur
1496 2170 1631 2209 esse
1660 2163 1973 2227 expertem
2002 2151 2113 2209 sui.

187 2247 547 2319 Quinetiam
574 2247 624 2306 si
647 2247 780 2324 quis
809 2266 884 2304 ea
911 2244 1230 2323 asperitate
1257 2256 1370 2313 est,
1392 2256 1451 2302 et
1470 2244 1837 2302 immanitate
1866 2258 2113 2315 naturae,
2156 2275 2160 2279 ·

187 2362 546 2423 congressus
574 2355 644 2401 ut
670 2341 978 2400 hominum
1002 2340 1193 2417 fugiat
1221 2352 1399 2417 atque
1426 2338 1641 2410 oderit,
1666 2342 1907 2416 qualem
1927 2338 2113 2400 fuisse

184 2438 450 2499 Athenis
474 2438 794 2497 Timonem
821 2436 1026 2502 nescio
1053 2455 1232 2514 quem
1263 2434 1639 2513 accepimus;
1682 2448 1883 2494 tamen
1909 2437 1961 2495 is
1987 2437 2113 2515 pati

185 2554 306 2593 non
338 2535 549 2615 possit,
577 2548 644 2595 ut
673 2555 796 2593 non
831 2533 1110 2611 anquirat
1147 2532 1427 2611 aliquem,
1458 2532 1621 2611 apud
1654 2554 1835 2610 quem
1874 2546 2113 2592 evomat

186 2631 352 2691 virus
380 2632 722 2693 acerbitatis
755 2652 898 2689 suae.
978 2632 1182 2708 Atque
1210 2630 1327 2688 hoc
1356 2629 1618 2689 maxime
1637 2630 2032 2710 judicaretur,
2058 2629 2112 2689 si

188 2728 334 2803 quid
367 2731 492 2787 tale
526 2741 734 2806 posset
771 2727 1137 2806 contingere,
1173 2738 1241 2784 ut
1281 2726 1493 2805 aliquis
1535 2746 1643 2785 nos
1685 2728 1837 2786 deus
1880 2746 1958 2785 ex
1997 2727 2113 2785 hac

187 2822 496 2883 hominum
525 2823 860 2901 frequentia
899 2825 1154 2892 tolleret,
1185 2835 1246 2880 et
1272 2823 1331 2880 in
1376 2822 1697 2881 solitudine
1726 2823 1959 2900 uspiam
1990 2823 2110 2881 col·

185 2916 436 2987 locaret,
459 2930 638 2993 atque
660 2916 744 2973 ibi
771 2917 1159 2995 suppeditans
1189 2916 1453 2975 omnium
1478 2935 1697 2983 rerum,
1722 2936 1871 2991 quas
1899 2928 2113 2974 natura

188 3011 520 3079 desiderat,
550 3010 970 3069 abundantiam
999 3023 1058 3068 et
1084 3010 1336 3088 copiam,
1362 3010 1618 3069 hominis
1646 3009 1889 3066 omnino
1916 3008 2110 3089 adspi-

191 3107 396 3165 ciendi
423 3116 780 3184 potestatem
823 3104 1096 3180 eriperet.
1181 3105 1339 3176 Quis
1380 3116 1502 3163 tam
1546 3117 1701 3161 esset
1732 3104 1981 3172 ferreus,
2010 3105 2113 3183 qui

193 3224 328 3263 eam
363 3201 546 3260 vitam
572 3199 729 3257 ferre
763 3210 982 3277 posset,
1011 3198 1226 3276 cuique
1268 3216 1384 3256 non
1425 3198 1687 3257 auferret
1719 3197 1983 3257 fructum
2012 3220 2111 3257 vo-

195 3298 496 3377 luptatum
542 3294 810 3354 omniurn
853 3292 1154 3353 solitudo‘l
1237 3298 1334 3353 88.
1369 3294 1601 3361 Verum
1642 3315 1789 3375 ergo
1820 3295 1968 3353 illud
2000 3310 2108 3369 est,

198 3395 360 3471 quod
388 3415 423 3453 a
446 3391 777 3453 Tarentino'
796 3391 1084 3468 Archyta,
1113 3404 1178 3448 ut
1205 3390 1429 3468 opinor,
1451 3391 1571 3450 dici
1598 3394 1857 3463 solitum,
1880 3408 2110 3453 nostros

197 3508 374 3549 senes
421 3508 890 3549 commemorare
939 3486 1158 3557 audivi,
1202 3488 1280 3545 ab
1329 3486 1457 3547 aliis
1508 3490 1749 3549 senibus
1807 3490 2108 3549 auditum:

201 3593 236 3618 ‘⁴
258 3587 333 3645 Si
360 3589 488 3664 quis
517 3588 580 3645 in
613 3586 815 3643 coelam
847 3582 1206 3654 ascendisset,
1233 3595 1615 3662 naturamque
1648 3586 1868 3654 mandi,
1898 3595 1953 3643 et
1975 3586 2110 3660 pul-

202 3681 581 3743 claritudinem
610 3681 866 3739 siderum
894 3680 1295 3757 perspexisset,
1322 3680 1619 3739 insuavem
1646 3680 1817 3737 illam
1844 3679 2111 3739 admira-

205 3777 407 3837 tivum
453 3780 504 3837 ei
526 3778 688 3859 fore,
730 3796 858 3854 quae
881 3776 1312 3854 jucundissima
1337 3775 1577 3857 fuisset,
1615 3775 1669 3834 si
1708 3775 1980 3853 aliquem,
2014 3777 2111 3834 cui
