<?xml version="1.0" encoding="UTF-8"?>
<!DOCTYPE html PUBLIC "-//W3C//DTD XHTML 1.0 Transitional//EN"
    "http://www.w3.org/TR/xhtml1/DTD/xhtml1-transitional.dtd">
<html xmlns="http://www.w3.org/1999/xhtml" xml:lang="en" lang="en">
 <head>
  <title>
</title>
<meta http-equiv="Content-Type" content="text/html;charset=utf-8" />
  <meta name='ocr-system' content='tesseract 3.04.00' />
  <meta name='ocr-capabilities' content='ocr_page ocr_carea ocr_par ocr_line ocrx_word'/>
</head>
<body>
  <div class='ocr_page' id='page_1' title='image "./desenectutedeam02anthgoog_0089.png"; bbox 0 0 2525 4409; ppageno 0'>
   <div class='ocr_carea' id='block_1_1' title="bbox 581 390 2063 457">
    <p class='ocr_par' dir='ltr' id='par_1_1' title="bbox 581 390 2063 457">
     <span class='ocr_line' id='line_1_1' title="bbox 581 390 2063 457; baseline 0 -1"><span class='ocrx_word' id='word_1_1' title='bbox 581 412 724 456; x_wconf 73' lang='lat' dir='ltr'><strong>swa</strong></span> <span class='ocrx_word' id='word_1_2' title='bbox 766 414 847 455; x_wconf 77' lang='lat' dir='ltr'><strong>na</strong></span> <span class='ocrx_word' id='word_1_3' title='bbox 885 410 1428 455; x_wconf 52' lang='lat' dir='ltr'><strong>amonim—car.</strong></span> <span class='ocrx_word' id='word_1_4' title='bbox 1454 410 1609 455; x_wconf 79' lang='lat' dir='ltr'><strong>xxv.</strong></span> <span class='ocrx_word' id='word_1_5' title='bbox 1977 390 2063 457; x_wconf 73' lang='lat'><strong>65</strong></span> 
     </span>
    </p>
   </div>
   <div class='ocr_carea' id='block_1_2' title="bbox 53 542 2136 3859">
    <p class='ocr_par' dir='ltr' id='par_1_2' title="bbox 53 542 2136 3859">
     <span class='ocr_line' id='line_1_2' title="bbox 211 542 2063 623; baseline 0 -20"><span class='ocrx_word' id='word_1_6' title='bbox 211 544 420 603; x_wconf 89' lang='lat' dir='ltr'><strong>XXV.</strong></span> <span class='ocrx_word' id='word_1_7' title='bbox 466 547 563 602; x_wconf 88' lang='lat'><strong>91.</strong></span> <span class='ocrx_word' id='word_1_8' title='bbox 597 544 686 603; x_wconf 89' lang='lat' dir='ltr'><strong>Ut</strong></span> <span class='ocrx_word' id='word_1_9' title='bbox 711 544 897 623; x_wconf 86' lang='lat' dir='ltr'><strong>igitur</strong></span> <span class='ocrx_word' id='word_1_10' title='bbox 923 557 983 603; x_wconf 91' lang='lat' dir='ltr'><strong>et</strong></span> <span class='ocrx_word' id='word_1_11' title='bbox 1011 564 1252 603; x_wconf 86' lang='lat' dir='ltr'><strong>monere</strong></span> <span class='ocrx_word' id='word_1_12' title='bbox 1282 556 1345 603; x_wconf 88' lang='lat' dir='ltr'><strong>et</strong></span> <span class='ocrx_word' id='word_1_13' title='bbox 1371 544 1598 602; x_wconf 86' lang='lat' dir='ltr'><strong>moneri</strong></span> <span class='ocrx_word' id='word_1_14' title='bbox 1626 542 1933 623; x_wconf 87' lang='lat' dir='ltr'><strong>proprium</strong></span> <span class='ocrx_word' id='word_1_15' title='bbox 1970 558 2063 603; x_wconf 88' lang='lat' dir='ltr'><strong>est</strong></span> 
     </span>
     <span class='ocr_line' id='line_1_3' title="bbox 132 640 2057 717; baseline 0 -20"><span class='ocrx_word' id='word_1_16' title='bbox 132 660 296 698; x_wconf 82' lang='lat' dir='ltr'><strong>verae</strong></span> <span class='ocrx_word' id='word_1_17' title='bbox 349 640 666 711; x_wconf 82' lang='lat' dir='ltr'><strong>amicitiae3</strong></span> <span class='ocrx_word' id='word_1_18' title='bbox 727 652 786 699; x_wconf 88' lang='lat' dir='ltr'><strong>et</strong></span> <span class='ocrx_word' id='word_1_19' title='bbox 835 642 1090 699; x_wconf 85' lang='lat' dir='ltr'><strong>alterum</strong></span> <span class='ocrx_word' id='word_1_20' title='bbox 1137 640 1329 699; x_wconf 88' lang='lat' dir='ltr'><strong>libere</strong></span> <span class='ocrx_word' id='word_1_21' title='bbox 1375 640 1595 710; x_wconf 85' lang='lat' dir='ltr'><strong>facere,</strong></span> <span class='ocrx_word' id='word_1_22' title='bbox 1640 659 1756 697; x_wconf 90' lang='lat' dir='ltr'><strong>non</strong></span> <span class='ocrx_word' id='word_1_23' title='bbox 1810 658 2021 717; x_wconf 86' lang='lat' dir='ltr'><strong>aspere</strong></span> <span class='ocrx_word' id='word_1_24' title='bbox 2040 663 2057 711; x_wconf 83' lang='lat'><em>3</em></span> 
     </span>
     <span class='ocr_line' id='line_1_4' title="bbox 53 735 2057 814; baseline -0 -21"><span class='ocrx_word' id='word_1_25' title='bbox 53 792 60 799; x_wconf 87' lang='grc'><em>,</em></span> <span class='ocrx_word' id='word_1_26' title='bbox 131 736 390 793; x_wconf 88' lang='lat' dir='ltr'><strong>alterum</strong></span> <span class='ocrx_word' id='word_1_27' title='bbox 423 736 726 814; x_wconf 81' lang='lat' dir='ltr'><strong>patienter</strong></span> <span class='ocrx_word' id='word_1_28' title='bbox 760 736 1052 814; x_wconf 86' lang='lat' dir='ltr'><strong>accipere,</strong></span> <span class='ocrx_word' id='word_1_29' title='bbox 1081 755 1200 794; x_wconf 92' lang='lat' dir='ltr'><strong>non</strong></span> <span class='ocrx_word' id='word_1_30' title='bbox 1231 748 1677 814; x_wconf 79' lang='lat' dir='ltr'><strong>repugnanter:</strong></span> <span class='ocrx_word' id='word_1_31' title='bbox 1722 735 1806 793; x_wconf 87' lang='lat' dir='ltr'><strong>sic</strong></span> <span class='ocrx_word' id='word_1_32' title='bbox 1838 735 2057 793; x_wconf 87' lang='lat' dir='ltr'><strong>haben·</strong></span> 
     </span>
     <span class='ocr_line' id='line_1_5' title="bbox 77 829 2057 917; baseline 0 -28"><span class='ocrx_word' id='word_1_33' title='bbox 77 884 84 889; x_wconf 92' lang='lat'><strong>.</strong></span> <span class='ocrx_word' id='word_1_34' title='bbox 129 829 278 887; x_wconf 89' lang='lat' dir='ltr'><strong>dum</strong></span> <span class='ocrx_word' id='word_1_35' title='bbox 313 844 424 917; x_wconf 57' lang='lat' dir='ltr'><strong>esf,</strong></span> <span class='ocrx_word' id='word_1_36' title='bbox 450 832 680 889; x_wconf 85' lang='lat' dir='ltr'><strong>nullam</strong></span> <span class='ocrx_word' id='word_1_37' title='bbox 709 832 768 889; x_wconf 91' lang='lat' dir='ltr'><strong>in</strong></span> <span class='ocrx_word' id='word_1_38' title='bbox 803 831 1079 890; x_wconf 75' lang='lat' dir='ltr'><strong>amicitiis</strong></span> <span class='ocrx_word' id='word_1_39' title='bbox 1107 844 1341 909; x_wconf 89' lang='lat' dir='ltr'><strong>pestem</strong></span> <span class='ocrx_word' id='word_1_40' title='bbox 1376 850 1509 889; x_wconf 84' lang='lat' dir='ltr'><strong>esse</strong></span> <span class='ocrx_word' id='word_1_41' title='bbox 1542 832 1847 914; x_wconf 86' lang='lat' dir='ltr'><strong>majorem,</strong></span> <span class='ocrx_word' id='word_1_42' title='bbox 1875 850 2057 908; x_wconf 82' lang='lat' dir='ltr'><strong>quam</strong></span> 
     </span>
     <span class='ocr_line' id='line_1_6' title="bbox 129 924 2055 998; baseline 0.002 -17"><span class='ocrx_word' id='word_1_43' title='bbox 129 924 562 996; x_wconf 75' lang='lat' dir='ltr'><strong>adulationem,</strong></span> <span class='ocrx_word' id='word_1_44' title='bbox 597 926 967 994; x_wconf 83' lang='lat' dir='ltr'><strong>blanditiam,</strong></span> <span class='ocrx_word' id='word_1_45' title='bbox 1005 927 1475 985; x_wconf 73' lang='lat' dir='ltr'><strong>assentationem.</strong></span> <span class='ocrx_word' id='word_1_46' title='bbox 1556 925 1849 998; x_wconf 79' lang='lat' dir='ltr'><strong>Quamvis</strong></span> <span class='ocrx_word' id='word_1_47' title='bbox 1894 927 2055 985; x_wconf 88' lang='lat' dir='ltr'><strong>enim</strong></span> 
     </span>
     <span class='ocr_line' id='line_1_7' title="bbox 130 1018 2055 1081; baseline 0.001 -4"><span class='ocrx_word' id='word_1_48' title='bbox 130 1022 336 1079; x_wconf 87' lang='lat' dir='ltr'><strong>multis</strong></span> <span class='ocrx_word' id='word_1_49' title='bbox 369 1018 714 1081; x_wconf 83' lang='lat' dir='ltr'><strong>nominibus</strong></span> <span class='ocrx_word' id='word_1_50' title='bbox 749 1035 842 1081; x_wconf 86' lang='lat' dir='ltr'><strong>est</strong></span> <span class='ocrx_word' id='word_1_51' title='bbox 873 1024 986 1081; x_wconf 89' lang='lat' dir='ltr'><strong>hoc</strong></span> <span class='ocrx_word' id='word_1_52' title='bbox 1019 1023 1229 1081; x_wconf 81' lang='lat' dir='ltr'><strong>vitium</strong></span> <span class='ocrx_word' id='word_1_53' title='bbox 1263 1022 1588 1080; x_wconf 88' lang='lat' dir='ltr'><strong>notandum</strong></span> <span class='ocrx_word' id='word_1_54' title='bbox 1620 1022 1840 1080; x_wconf 82' lang='lat' dir='ltr'><strong>levium</strong></span> <span class='ocrx_word' id='word_1_55' title='bbox 1867 1022 2055 1081; x_wconf 87' lang='lat' dir='ltr'><strong>homi·</strong></span> 
     </span>
     <span class='ocr_line' id='line_1_8' title="bbox 129 1115 2053 1195; baseline 0.002 -23"><span class='ocrx_word' id='word_1_56' title='bbox 129 1134 276 1173; x_wconf 89' lang='lat' dir='ltr'><strong>num</strong></span> <span class='ocrx_word' id='word_1_57' title='bbox 319 1130 504 1195; x_wconf 89' lang='lat' dir='ltr'><strong>atque</strong></span> <span class='ocrx_word' id='word_1_58' title='bbox 544 1118 864 1187; x_wconf 85' lang='lat' dir='ltr'><strong>fallacium,</strong></span> <span class='ocrx_word' id='word_1_59' title='bbox 897 1118 975 1175; x_wconf 80' lang='lat' dir='ltr'><strong>&#39;ad</strong></span> <span class='ocrx_word' id='word_1_60' title='bbox 1008 1118 1377 1177; x_wconf 79' lang='lat' dir='ltr'><strong>voluntatem</strong></span> <span class='ocrx_word' id='word_1_61' title='bbox 1414 1115 1790 1194; x_wconf 87' lang='lat' dir='ltr'><strong>loquentium</strong></span> <span class='ocrx_word' id='word_1_62' title='bbox 1838 1118 2053 1186; x_wconf 86' lang='lat' dir='ltr'><strong>omnia,</strong></span> 
     </span>
     <span class='ocr_line' id='line_1_9' title="bbox 127 1212 2056 1273; baseline 0.001 -5"><span class='ocrx_word' id='word_1_63' title='bbox 127 1212 280 1270; x_wconf 85' lang='lat' dir='ltr'><strong>nihil</strong></span> <span class='ocrx_word' id='word_1_64' title='bbox 301 1213 382 1271; x_wconf 89' lang='lat' dir='ltr'><strong>ad</strong></span> <span class='ocrx_word' id='word_1_65' title='bbox 401 1214 736 1272; x_wconf 79' lang='lat' dir='ltr'><strong>veritatem.</strong></span> <span class='ocrx_word' id='word_1_66' title='bbox 819 1219 915 1273; x_wconf 81' lang='lat'><strong>92.</strong></span> <span class='ocrx_word' id='word_1_67' title='bbox 950 1214 1108 1272; x_wconf 87' lang='lat' dir='ltr'><strong>Cum</strong></span> <span class='ocrx_word' id='word_1_68' title='bbox 1135 1226 1332 1271; x_wconf 86' lang='lat' dir='ltr'><strong>autem</strong></span> <span class='ocrx_word' id='word_1_69' title='bbox 1358 1214 1623 1271; x_wconf 86' lang='lat' dir='ltr'><strong>omnium</strong></span> <span class='ocrx_word' id='word_1_70' title='bbox 1650 1231 1851 1271; x_wconf 86' lang='lat' dir='ltr'><strong>rerum</strong></span> <span class='ocrx_word' id='word_1_71' title='bbox 1878 1212 2056 1269; x_wconf 87' lang='lat' dir='ltr'><strong>simu-</strong></span> 
     </span>
     <span class='ocr_line' id='line_1_10' title="bbox 132 1306 2059 1386; baseline 0 -23"><span class='ocrx_word' id='word_1_72' title='bbox 132 1308 277 1365; x_wconf 87' lang='lat' dir='ltr'><strong>latio</strong></span> <span class='ocrx_word' id='word_1_73' title='bbox 301 1320 395 1366; x_wconf 88' lang='lat' dir='ltr'><strong>est</strong></span> <span class='ocrx_word' id='word_1_74' title='bbox 411 1308 624 1365; x_wconf 82' lang='lat' dir='ltr'><strong>vitiosa</strong></span> <span class='ocrx_word' id='word_1_75' title='bbox 643 1308 826 1386; x_wconf 90' lang='lat' dir='ltr'><strong>(tollit</strong></span> <span class='ocrx_word' id='word_1_76' title='bbox 845 1309 1006 1366; x_wconf 87' lang='lat' dir='ltr'><strong>enim</strong></span> <span class='ocrx_word' id='word_1_77' title='bbox 1027 1307 1325 1385; x_wconf 82' lang='lat' dir='ltr'><strong>judicium</strong></span> <span class='ocrx_word' id='word_1_78' title='bbox 1340 1307 1485 1377; x_wconf 81' lang='lat' dir='ltr'><strong>veri,</strong></span> <span class='ocrx_word' id='word_1_79' title='bbox 1503 1306 1689 1383; x_wconf 92' lang='lat' dir='ltr'><strong>idque</strong></span> <span class='ocrx_word' id='word_1_80' title='bbox 1714 1306 2059 1382; x_wconf 81' lang='lat' dir='ltr'><strong>adulterat),</strong></span> 
     </span>
     <span class='ocr_line' id='line_1_11' title="bbox 128 1400 2119 1481; baseline -0.002 -22"><span class='ocrx_word' id='word_1_81' title='bbox 128 1414 266 1459; x_wconf 90' lang='lat' dir='ltr'><strong>tum</strong></span> <span class='ocrx_word' id='word_1_82' title='bbox 313 1402 600 1460; x_wconf 61' lang='lat' dir='ltr'><strong>amicitiae</strong></span> <span class='ocrx_word' id='word_1_83' title='bbox 641 1415 942 1481; x_wconf 83' lang='lat' dir='ltr'><strong>repugnat</strong></span> <span class='ocrx_word' id='word_1_84' title='bbox 983 1402 1279 1460; x_wconf 78' lang='lat' dir='ltr'><strong>maxime:</strong></span> <span class='ocrx_word' id='word_1_85' title='bbox 1331 1402 1493 1459; x_wconf 90' lang='lat' dir='ltr'><strong>delet</strong></span> <span class='ocrx_word' id='word_1_86' title='bbox 1532 1401 1694 1458; x_wconf 87' lang='lat' dir='ltr'><strong>enim</strong></span> <span class='ocrx_word' id='word_1_87' title='bbox 1728 1400 2059 1469; x_wconf 79' lang='lat' dir='ltr'><strong>veritatem,</strong></span> <span class='ocrx_word' id='word_1_88' title='bbox 2110 1428 2119 1435; x_wconf 85' lang='lat'><strong>·</strong></span> 
     </span>
     <span class='ocr_line' id='line_1_12' title="bbox 129 1496 2061 1574; baseline -0.001 -22"><span class='ocrx_word' id='word_1_89' title='bbox 129 1496 266 1553; x_wconf 89' lang='lat' dir='ltr'><strong>sine</strong></span> <span class='ocrx_word' id='word_1_90' title='bbox 307 1516 432 1574; x_wconf 88' lang='lat' dir='ltr'><strong>qua</strong></span> <span class='ocrx_word' id='word_1_91' title='bbox 473 1516 686 1555; x_wconf 87' lang='lat' dir='ltr'><strong>nomen</strong></span> <span class='ocrx_word' id='word_1_92' title='bbox 729 1496 1005 1555; x_wconf 79' lang='lat' dir='ltr'><strong>amicitiae</strong></span> <span class='ocrx_word' id='word_1_93' title='bbox 1040 1498 1242 1555; x_wconf 82' lang='lat' dir='ltr'><strong>valere</strong></span> <span class='ocrx_word' id='word_1_94' title='bbox 1276 1512 1399 1554; x_wconf 88' lang='lat' dir='ltr'><strong>non</strong></span> <span class='ocrx_word' id='word_1_95' title='bbox 1432 1508 1643 1573; x_wconf 88' lang='lat' dir='ltr'><strong>potest.</strong></span> <span class='ocrx_word' id='word_1_96' title='bbox 1728 1496 1889 1553; x_wconf 84' lang='lat' dir='ltr'><strong>Nam</strong></span> <span class='ocrx_word' id='word_1_97' title='bbox 1924 1512 2061 1552; x_wconf 89' lang='lat' dir='ltr'><strong>cum</strong></span> 
     </span>
     <span class='ocr_line' id='line_1_13' title="bbox 135 1588 2061 1668; baseline -0.001 -21"><span class='ocrx_word' id='word_1_98' title='bbox 135 1590 426 1649; x_wconf 82' lang='lat' dir='ltr'><strong>amicitiae</strong></span> <span class='ocrx_word' id='word_1_99' title='bbox 455 1592 542 1649; x_wconf 85' lang='lat' dir='ltr'><strong>vis</strong></span> <span class='ocrx_word' id='word_1_100' title='bbox 576 1592 651 1649; x_wconf 90' lang='lat' dir='ltr'><strong>sit</strong></span> <span class='ocrx_word' id='word_1_101' title='bbox 677 1592 746 1649; x_wconf 81' lang='lat' dir='ltr'><strong>in</strong></span> <span class='ocrx_word' id='word_1_102' title='bbox 769 1612 858 1660; x_wconf 84' lang='lat' dir='ltr'><strong>ec,</strong></span> <span class='ocrx_word' id='word_1_103' title='bbox 889 1604 955 1649; x_wconf 89' lang='lat' dir='ltr'><strong>ut</strong></span> <span class='ocrx_word' id='word_1_104' title='bbox 989 1610 1146 1649; x_wconf 87' lang='lat' dir='ltr'><strong>unus</strong></span> <span class='ocrx_word' id='word_1_105' title='bbox 1174 1590 1343 1667; x_wconf 81' lang='lat' dir='ltr'><strong>quasi</strong></span> <span class='ocrx_word' id='word_1_106' title='bbox 1372 1591 1601 1647; x_wconf 87' lang='lat' dir='ltr'><strong>animus</strong></span> <span class='ocrx_word' id='word_1_107' title='bbox 1632 1588 1735 1647; x_wconf 87' lang='lat' dir='ltr'><strong>fiat</strong></span> <span class='ocrx_word' id='word_1_108' title='bbox 1768 1606 1846 1648; x_wconf 82' lang='lat' dir='ltr'><strong>ex</strong></span> <span class='ocrx_word' id='word_1_109' title='bbox 1880 1588 2061 1668; x_wconf 85' lang='lat' dir='ltr'><strong>pluri-</strong></span> 
     </span>
     <span class='ocr_line' id='line_1_14' title="bbox 131 1685 2061 1764; baseline 0.001 -22"><span class='ocrx_word' id='word_1_110' title='bbox 131 1685 244 1743; x_wconf 87' lang='lat' dir='ltr'><strong>bus</strong></span> <span class='ocrx_word' id='word_1_111' title='bbox 267 1709 282 1744; x_wconf 74' lang='grc' dir='ltr'><strong>ε</strong></span> <span class='ocrx_word' id='word_1_112' title='bbox 327 1686 432 1762; x_wconf 91' lang='lat' dir='ltr'><strong>qui</strong></span> <span class='ocrx_word' id='word_1_113' title='bbox 457 1686 518 1743; x_wconf 92' lang='lat' dir='ltr'><strong>id</strong></span> <span class='ocrx_word' id='word_1_114' title='bbox 539 1686 669 1745; x_wconf 89' lang='lat' dir='ltr'><strong>fieri</strong></span> <span class='ocrx_word' id='word_1_115' title='bbox 688 1686 925 1764; x_wconf 85' lang='lat' dir='ltr'><strong>poterit,</strong></span> <span class='ocrx_word' id='word_1_116' title='bbox 949 1685 1000 1743; x_wconf 90' lang='lat' dir='ltr'><strong>si</strong></span> <span class='ocrx_word' id='word_1_117' title='bbox 1027 1706 1106 1743; x_wconf 87' lang='lat' dir='ltr'><strong>ne</strong></span> <span class='ocrx_word' id='word_1_118' title='bbox 1133 1686 1192 1742; x_wconf 91' lang='lat' dir='ltr'><strong>in</strong></span> <span class='ocrx_word' id='word_1_119' title='bbox 1221 1706 1343 1744; x_wconf 90' lang='lat' dir='ltr'><strong>uno</strong></span> <span class='ocrx_word' id='word_1_120' title='bbox 1362 1685 1605 1762; x_wconf 89' lang='lat' dir='ltr'><strong>quidem</strong></span> <span class='ocrx_word' id='word_1_121' title='bbox 1636 1704 1877 1762; x_wconf 87' lang='lat' dir='ltr'><strong>quoque</strong></span> <span class='ocrx_word' id='word_1_122' title='bbox 1906 1704 2061 1743; x_wconf 88' lang='lat' dir='ltr'><strong>unus</strong></span> 
     </span>
     <span class='ocr_line' id='line_1_15' title="bbox 135 1768 2059 1859; baseline -0.001 -22"><span class='ocrx_word' id='word_1_123' title='bbox 135 1782 372 1839; x_wconf 87' lang='lat' dir='ltr'><strong>animus</strong></span> <span class='ocrx_word' id='word_1_124' title='bbox 417 1782 548 1851; x_wconf 87' lang='lat' dir='ltr'><strong>erit,</strong></span> <span class='ocrx_word' id='word_1_125' title='bbox 583 1768 868 1859; x_wconf 81' lang='lat' dir='ltr'><strong>idemque</strong></span> <span class='ocrx_word' id='word_1_126' title='bbox 901 1800 1170 1859; x_wconf 83' lang='lat' dir='ltr'><strong>semper3</strong></span> <span class='ocrx_word' id='word_1_127' title='bbox 1213 1780 1323 1839; x_wconf 86' lang='lat' dir='ltr'><strong>sed</strong></span> <span class='ocrx_word' id='word_1_128' title='bbox 1356 1781 1577 1850; x_wconf 81' lang='lat' dir='ltr'><strong>varius,</strong></span> <span class='ocrx_word' id='word_1_129' title='bbox 1607 1778 2059 1849; x_wconf 86' lang='lat' dir='ltr'><strong>commutabilis,</strong></span> 
     </span>
     <span class='ocr_line' id='line_1_16' title="bbox 135 1874 2060 1954; baseline 0.001 -23"><span class='ocrx_word' id='word_1_130' title='bbox 135 1876 500 1954; x_wconf 64' lang='lat' dir='ltr'><strong>multiplex?</strong></span> <span class='ocrx_word' id='word_1_131' title='bbox 581 1881 676 1935; x_wconf 84' lang='lat'><strong>93.</strong></span> <span class='ocrx_word' id='word_1_132' title='bbox 719 1874 890 1949; x_wconf 83' lang='lat' dir='ltr'><strong>Quid</strong></span> <span class='ocrx_word' id='word_1_133' title='bbox 911 1876 1070 1935; x_wconf 87' lang='lat' dir='ltr'><strong>enim</strong></span> <span class='ocrx_word' id='word_1_134' title='bbox 1097 1887 1294 1954; x_wconf 83' lang='lat' dir='ltr'><strong>potest</strong></span> <span class='ocrx_word' id='word_1_135' title='bbox 1320 1896 1453 1934; x_wconf 85' lang='lat' dir='ltr'><strong>esse</strong></span> <span class='ocrx_word' id='word_1_136' title='bbox 1480 1890 1601 1935; x_wconf 82' lang='lat' dir='ltr'><strong>tam</strong></span> <span class='ocrx_word' id='word_1_137' title='bbox 1628 1875 1913 1944; x_wconf 86' lang='lat' dir='ltr'><strong>flexibile,</strong></span> <span class='ocrx_word' id='word_1_138' title='bbox 1936 1885 2060 1933; x_wconf 84' lang='lat' dir='ltr'><strong>tam</strong></span> 
     </span>
     <span class='ocr_line' id='line_1_17' title="bbox 137 1964 2099 2050; baseline 0.001 -23"><span class='ocrx_word' id='word_1_139' title='bbox 137 1970 398 2041; x_wconf 84' lang='lat' dir='ltr'><strong>devium,</strong></span> <span class='ocrx_word' id='word_1_140' title='bbox 425 1991 607 2049; x_wconf 89' lang='lat' dir='ltr'><strong>quam</strong></span> <span class='ocrx_word' id='word_1_141' title='bbox 637 1972 864 2030; x_wconf 87' lang='lat' dir='ltr'><strong>animus</strong></span> <span class='ocrx_word' id='word_1_142' title='bbox 893 1973 1042 2050; x_wconf 82' lang='lat' dir='ltr'><strong>ejus,</strong></span> <span class='ocrx_word' id='word_1_143' title='bbox 1071 1972 1173 2049; x_wconf 88' lang='lat' dir='ltr'><strong>qui</strong></span> <span class='ocrx_word' id='word_1_144' title='bbox 1205 1972 1277 2030; x_wconf 87' lang='lat' dir='ltr'><strong>ad</strong></span> <span class='ocrx_word' id='word_1_145' title='bbox 1305 1972 1549 2030; x_wconf 65' lang='lat' dir='ltr'><strong>&gt;alterius</strong></span> <span class='ocrx_word' id='word_1_146' title='bbox 1574 1992 1689 2030; x_wconf 88' lang='lat' dir='ltr'><strong>non</strong></span> <span class='ocrx_word' id='word_1_147' title='bbox 1718 1971 1899 2029; x_wconf 88' lang='lat' dir='ltr'><strong>modo</strong></span> <span class='ocrx_word' id='word_1_148' title='bbox 1927 1990 2058 2029; x_wconf 87' lang='lat' dir='ltr'><strong>sen·</strong></span> <span class='ocrx_word' id='word_1_149' title='bbox 2090 1964 2099 1973; x_wconf 83' lang='grc'>’</span> 
     </span>
     <span class='ocr_line' id='line_1_18' title="bbox 135 2068 2057 2144; baseline 0 -21"><span class='ocrx_word' id='word_1_150' title='bbox 135 2086 266 2125; x_wconf 84' lang='lat' dir='ltr'><strong>sum</strong></span> <span class='ocrx_word' id='word_1_151' title='bbox 303 2088 376 2127; x_wconf 87' lang='lat' dir='ltr'><strong>ac</strong></span> <span class='ocrx_word' id='word_1_152' title='bbox 411 2070 795 2137; x_wconf 83' lang='lat' dir='ltr'><strong>voluntatem,</strong></span> <span class='ocrx_word' id='word_1_153' title='bbox 832 2069 941 2126; x_wconf 88' lang='lat' dir='ltr'><strong>sed</strong></span> <span class='ocrx_word' id='word_1_154' title='bbox 971 2068 1154 2127; x_wconf 86' lang='lat' dir='ltr'><strong>etiam</strong></span> <span class='ocrx_word' id='word_1_155' title='bbox 1187 2068 1417 2125; x_wconf 82' lang='lat' dir='ltr'><strong>vultum</strong></span> <span class='ocrx_word' id='word_1_156' title='bbox 1456 2080 1639 2144; x_wconf 83' lang='lat' dir='ltr'><strong>atque</strong></span> <span class='ocrx_word' id='word_1_157' title='bbox 1679 2079 1891 2125; x_wconf 88' lang='lat' dir='ltr'><strong>nutum</strong></span> <span class='ocrx_word' id='word_1_158' title='bbox 1926 2084 2057 2123; x_wconf 87' lang='lat' dir='ltr'><strong>con-</strong></span> 
     </span>
     <span class='ocr_line' id='line_1_19' title="bbox 135 2164 438 2223; baseline 0.013 -4"><span class='ocrx_word' id='word_1_159' title='bbox 135 2164 386 2222; x_wconf 81' lang='lat' dir='ltr'><strong>vertitur</strong></span> <span class='ocrx_word' id='word_1_160' title='bbox 407 2165 438 2223; x_wconf 68' lang='lat' dir='ltr'><strong>&#39;l</strong></span> 
     </span>
     <span class='ocr_line' id='line_1_20' title="bbox 140 2254 2061 2336; baseline -0.003 -20"><span class='ocrx_word' id='word_1_161' title='bbox 140 2257 336 2333; x_wconf 73' lang='lat' dir='ltr'><strong>Negat</strong></span> <span class='ocrx_word' id='word_1_162' title='bbox 351 2258 530 2336; x_wconf 73' lang='lat' dir='ltr'><strong>quis?</strong></span> <span class='ocrx_word' id='word_1_163' title='bbox 550 2278 692 2334; x_wconf 81' lang='lat' dir='ltr'><strong>nego</strong></span> <span class='ocrx_word' id='word_1_164' title='bbox 705 2280 726 2315; x_wconf 94' lang='lat'><strong>.·</strong></span> <span class='ocrx_word' id='word_1_165' title='bbox 755 2256 888 2316; x_wconf 78' lang='lat' dir='ltr'><strong>ait?</strong></span> <span class='ocrx_word' id='word_1_166' title='bbox 909 2258 1006 2316; x_wconf 83' lang='lat' dir='ltr'><strong>aio</strong></span> <span class='ocrx_word' id='word_1_167' title='bbox 1020 2266 1341 2332; x_wconf 74' lang='lat' dir='ltr'><strong>:postremo</strong></span> <span class='ocrx_word' id='word_1_168' title='bbox 1357 2256 1645 2332; x_wconf 76' lang='lat' dir='ltr'><strong>imperavi</strong></span> <span class='ocrx_word' id='word_1_169' title='bbox 1664 2264 1882 2331; x_wconf 72' lang='lat' dir='ltr'><strong>egomet</strong></span> <span class='ocrx_word' id='word_1_170' title='bbox 1894 2254 2061 2323; x_wconf 68' lang='lat' dir='ltr'><strong>mihi,</strong></span> 
     </span>
     <span class='ocr_line' id='line_1_21' title="bbox 149 2352 702 2424; baseline 0.002 -14"><span class='ocrx_word' id='word_1_171' title='bbox 149 2352 365 2412; x_wconf 80' lang='lat' dir='ltr'><strong>Omnia</strong></span> <span class='ocrx_word' id='word_1_172' title='bbox 393 2356 702 2424; x_wconf 71' lang='lat' dir='ltr'><strong>assentari,</strong></span> 
     </span>
     <span class='ocr_line' id='line_1_22' title="bbox 139 2428 2057 2526; baseline -0.001 -21"><span class='ocrx_word' id='word_1_173' title='bbox 139 2460 204 2506; x_wconf 90' lang='lat' dir='ltr'><strong>ut</strong></span> <span class='ocrx_word' id='word_1_174' title='bbox 237 2450 318 2508; x_wconf 87' lang='lat' dir='ltr'><strong>ait</strong></span> <span class='ocrx_word' id='word_1_175' title='bbox 352 2428 520 2509; x_wconf 86' lang='lat' dir='ltr'><strong>idem</strong></span> <span class='ocrx_word' id='word_1_176' title='bbox 551 2450 905 2520; x_wconf 80' lang='lat' dir='ltr'><strong>Terentius3</strong></span> <span class='ocrx_word' id='word_1_177' title='bbox 966 2448 1074 2507; x_wconf 87' lang='lat' dir='ltr'><strong>sed</strong></span> <span class='ocrx_word' id='word_1_178' title='bbox 1107 2448 1210 2507; x_wconf 86' lang='lat' dir='ltr'><strong>ille</strong></span> <span class='ocrx_word' id='word_1_179' title='bbox 1250 2448 1363 2507; x_wconf 88' lang='lat' dir='ltr'><strong>sub</strong></span> <span class='ocrx_word' id='word_1_180' title='bbox 1396 2446 1726 2505; x_wconf 81' lang='lat' dir='ltr'><strong>Gnathonis</strong></span> <span class='ocrx_word' id='word_1_181' title='bbox 1765 2464 2057 2526; x_wconf 78' lang='lat' dir='ltr'><strong>persona:</strong></span> 
     </span>
     <span class='ocr_line' id='line_1_23' title="bbox 143 2542 2062 2623; baseline -0.002 -21"><span class='ocrx_word' id='word_1_182' title='bbox 143 2546 303 2621; x_wconf 89' lang='lat' dir='ltr'><strong>quod</strong></span> <span class='ocrx_word' id='word_1_183' title='bbox 327 2546 506 2607; x_wconf 86' lang='lat' dir='ltr'><strong>amici</strong></span> <span class='ocrx_word' id='word_1_184' title='bbox 529 2566 716 2623; x_wconf 87' lang='lat' dir='ltr'><strong>genus</strong></span> <span class='ocrx_word' id='word_1_185' title='bbox 735 2545 1020 2604; x_wconf 79' lang='lat' dir='ltr'><strong>adhibere</strong></span> <span class='ocrx_word' id='word_1_186' title='bbox 1055 2544 1296 2612; x_wconf 88' lang='lat' dir='ltr'><strong>omnino</strong></span> <span class='ocrx_word' id='word_1_187' title='bbox 1310 2543 1565 2603; x_wconf 84' lang='lat' dir='ltr'><strong>levitatis</strong></span> <span class='ocrx_word' id='word_1_188' title='bbox 1587 2556 1693 2603; x_wconf 86' lang='lat' dir='ltr'><strong>est.</strong></span> <span class='ocrx_word' id='word_1_189' title='bbox 1760 2548 1858 2602; x_wconf 89' lang='grc'><strong>94.</strong></span> <span class='ocrx_word' id='word_1_190' title='bbox 1883 2542 2062 2601; x_wconf 88' lang='lat' dir='ltr'><strong>Multi</strong></span> 
     </span>
     <span class='ocr_line' id='line_1_24' title="bbox 143 2638 2063 2710; baseline -0.001 -13"><span class='ocrx_word' id='word_1_191' title='bbox 143 2652 341 2700; x_wconf 83' lang='lat' dir='ltr'><strong>autem</strong></span> <span class='ocrx_word' id='word_1_192' title='bbox 381 2643 772 2701; x_wconf 83' lang='lat' dir='ltr'><strong>Gnathonum</strong></span> <span class='ocrx_word' id='word_1_193' title='bbox 816 2642 1061 2710; x_wconf 88' lang='lat' dir='ltr'><strong>similes,</strong></span> <span class='ocrx_word' id='word_1_194' title='bbox 1097 2662 1236 2700; x_wconf 89' lang='lat' dir='ltr'><strong>cum</strong></span> <span class='ocrx_word' id='word_1_195' title='bbox 1278 2640 1393 2699; x_wconf 84' lang='lat' dir='ltr'><strong>sint</strong></span> <span class='ocrx_word' id='word_1_196' title='bbox 1430 2642 1583 2709; x_wconf 85' lang='lat' dir='ltr'><strong>loco,</strong></span> <span class='ocrx_word' id='word_1_197' title='bbox 1619 2638 1868 2709; x_wconf 87' lang='lat' dir='ltr'><strong>fortuna,</strong></span> <span class='ocrx_word' id='word_1_198' title='bbox 1902 2638 2063 2697; x_wconf 81' lang='lat' dir='ltr'><strong>fama</strong></span> 
     </span>
     <span class='ocr_line' id='line_1_25' title="bbox 143 2736 2061 2813; baseline 0.001 -22"><span class='ocrx_word' id='word_1_199' title='bbox 143 2738 504 2813; x_wconf 75' lang='lat' dir='ltr'><strong>superiores,</strong></span> <span class='ocrx_word' id='word_1_200' title='bbox 533 2740 746 2797; x_wconf 86' lang='lat' dir='ltr'><strong>horum</strong></span> <span class='ocrx_word' id='word_1_201' title='bbox 781 2748 874 2796; x_wconf 85' lang='lat' dir='ltr'><strong>est</strong></span> <span class='ocrx_word' id='word_1_202' title='bbox 907 2738 1228 2796; x_wconf 74' lang='lat' dir='ltr'><strong>assentatio</strong></span> <span class='ocrx_word' id='word_1_203' title='bbox 1259 2740 1527 2805; x_wconf 85' lang='lat' dir='ltr'><strong>molesta,</strong></span> <span class='ocrx_word' id='word_1_204' title='bbox 1561 2756 1697 2795; x_wconf 88' lang='lat' dir='ltr'><strong>cum</strong></span> <span class='ocrx_word' id='word_1_205' title='bbox 1734 2736 1811 2794; x_wconf 88' lang='lat' dir='ltr'><strong>ad</strong></span> <span class='ocrx_word' id='word_1_206' title='bbox 1839 2736 2061 2793; x_wconf 77' lang='lat' dir='ltr'><strong>vanita-</strong></span> 
     </span>
     <span class='ocr_line' id='line_1_26' title="bbox 143 2831 2062 2893; baseline 0.001 -7"><span class='ocrx_word' id='word_1_207' title='bbox 143 2841 265 2889; x_wconf 88' lang='lat' dir='ltr'><strong>tem</strong></span> <span class='ocrx_word' id='word_1_208' title='bbox 283 2834 534 2893; x_wconf 86' lang='lat' dir='ltr'><strong>accessit</strong></span> <span class='ocrx_word' id='word_1_209' title='bbox 551 2833 881 2891; x_wconf 85' lang='lat' dir='ltr'><strong>auctoritas.</strong></span> <span class='ocrx_word' id='word_1_210' title='bbox 947 2838 1042 2891; x_wconf 82' lang='lat'><strong>95.</strong></span> <span class='ocrx_word' id='word_1_211' title='bbox 1071 2832 1321 2891; x_wconf 86' lang='lat' dir='ltr'><strong>Secerni</strong></span> <span class='ocrx_word' id='word_1_212' title='bbox 1344 2846 1542 2891; x_wconf 86' lang='lat' dir='ltr'><strong>autem</strong></span> <span class='ocrx_word' id='word_1_213' title='bbox 1558 2832 1813 2889; x_wconf 85' lang='lat' dir='ltr'><strong>blandus</strong></span> <span class='ocrx_word' id='word_1_214' title='bbox 1836 2831 2062 2888; x_wconf 86' lang='lat' dir='ltr'><strong>amicus</strong></span> 
     </span>
     <span class='ocr_line' id='line_1_27' title="bbox 147 2924 2063 3005; baseline -0.001 -24"><span class='ocrx_word' id='word_1_215' title='bbox 147 2944 182 2981; x_wconf 98' lang='lat' dir='ltr'><strong>a</strong></span> <span class='ocrx_word' id='word_1_216' title='bbox 207 2946 371 2998; x_wconf 82' lang='lat' dir='ltr'><strong>vero,</strong></span> <span class='ocrx_word' id='word_1_217' title='bbox 403 2941 467 2985; x_wconf 89' lang='lat' dir='ltr'><strong>et</strong></span> <span class='ocrx_word' id='word_1_218' title='bbox 493 2926 813 2985; x_wconf 87' lang='lat' dir='ltr'><strong>internosci</strong></span> <span class='ocrx_word' id='word_1_219' title='bbox 841 2939 962 2984; x_wconf 83' lang='lat' dir='ltr'><strong>tam</strong></span> <span class='ocrx_word' id='word_1_220' title='bbox 989 2940 1205 3005; x_wconf 87' lang='lat' dir='ltr'><strong>potest,</strong></span> <span class='ocrx_word' id='word_1_221' title='bbox 1235 2928 1499 2985; x_wconf 86' lang='lat' dir='ltr'><strong>adhibita</strong></span> <span class='ocrx_word' id='word_1_222' title='bbox 1526 2924 1858 3002; x_wconf 80' lang='lat' dir='ltr'><strong>diligentia,</strong></span> <span class='ocrx_word' id='word_1_223' title='bbox 1886 2942 2063 2999; x_wconf 88' lang='lat' dir='ltr'><strong>quam</strong></span> 
     </span>
     <span class='ocr_line' id='line_1_28' title="bbox 147 3018 2062 3098; baseline -0.002 -19"><span class='ocrx_word' id='word_1_224' title='bbox 147 3025 351 3081; x_wconf 89' lang='lat' dir='ltr'><strong>omnia</strong></span> <span class='ocrx_word' id='word_1_225' title='bbox 376 3023 593 3089; x_wconf 85' lang='lat' dir='ltr'><strong>fucata,</strong></span> <span class='ocrx_word' id='word_1_226' title='bbox 623 3034 686 3079; x_wconf 85' lang='lat' dir='ltr'><strong>et</strong></span> <span class='ocrx_word' id='word_1_227' title='bbox 709 3020 982 3078; x_wconf 85' lang='lat' dir='ltr'><strong>simulata</strong></span> <span class='ocrx_word' id='word_1_228' title='bbox 1008 3042 1043 3079; x_wconf 92' lang='lat' dir='ltr'><strong>a</strong></span> <span class='ocrx_word' id='word_1_229' title='bbox 1069 3023 1315 3081; x_wconf 85' lang='lat' dir='ltr'><strong>sinceris</strong></span> <span class='ocrx_word' id='word_1_230' title='bbox 1345 3036 1527 3098; x_wconf 88' lang='lat' dir='ltr'><strong>atque</strong></span> <span class='ocrx_word' id='word_1_231' title='bbox 1554 3019 1730 3077; x_wconf 79' lang='lat' dir='ltr'><strong>veris.</strong></span> <span class='ocrx_word' id='word_1_232' title='bbox 1812 3018 2062 3087; x_wconf 86' lang='lat' dir='ltr'><strong>Conci0,</strong></span> 
     </span>
     <span class='ocr_line' id='line_1_29' title="bbox 147 3112 2062 3194; baseline -0.004 -18"><span class='ocrx_word' id='word_1_233' title='bbox 147 3138 282 3194; x_wconf 85' lang='lat' dir='ltr'><strong>quae</strong></span> <span class='ocrx_word' id='word_1_234' title='bbox 311 3136 392 3175; x_wconf 84' lang='lat' dir='ltr'><strong>ex</strong></span> <span class='ocrx_word' id='word_1_235' title='bbox 419 3113 880 3193; x_wconf 85' lang='lat' dir='ltr'><strong>imperitissimis</strong></span> <span class='ocrx_word' id='word_1_236' title='bbox 909 3128 1153 3183; x_wconf 86' lang='lat' dir='ltr'><strong>constat,</strong></span> <span class='ocrx_word' id='word_1_237' title='bbox 1183 3129 1380 3175; x_wconf 87' lang='lat' dir='ltr'><strong>tamen</strong></span> <span class='ocrx_word' id='word_1_238' title='bbox 1406 3114 1686 3193; x_wconf 81' lang='lat' dir='ltr'><strong>judicare</strong></span> <span class='ocrx_word' id='word_1_239' title='bbox 1722 3114 1892 3181; x_wconf 88' lang='lat' dir='ltr'><strong>solet,</strong></span> <span class='ocrx_word' id='word_1_240' title='bbox 1920 3112 2062 3189; x_wconf 87' lang='lat' dir='ltr'><strong>quid</strong></span> 
     </span>
     <span class='ocr_line' id='line_1_30' title="bbox 147 3209 2063 3291; baseline -0.002 -20"><span class='ocrx_word' id='word_1_241' title='bbox 147 3215 386 3275; x_wconf 71' lang='lat' dir='ltr'><strong>intemit</strong></span> <span class='ocrx_word' id='word_1_242' title='bbox 428 3214 584 3271; x_wconf 86' lang='lat' dir='ltr'><strong>inter</strong></span> <span class='ocrx_word' id='word_1_243' title='bbox 626 3211 992 3291; x_wconf 84' lang='lat' dir='ltr'><strong>popularem,</strong></span> <span class='ocrx_word' id='word_1_244' title='bbox 1025 3211 1088 3267; x_wconf 86' lang='lat' dir='ltr'><strong>id</strong></span> <span class='ocrx_word' id='word_1_245' title='bbox 1133 3221 1244 3281; x_wconf 89' lang='lat' dir='ltr'><strong>est,</strong></span> <span class='ocrx_word' id='word_1_246' title='bbox 1288 3220 1715 3268; x_wconf 84' lang='lat' dir='ltr'><strong>assentatorem</strong></span> <span class='ocrx_word' id='word_1_247' title='bbox 1762 3220 1822 3267; x_wconf 87' lang='lat' dir='ltr'><strong>et</strong></span> <span class='ocrx_word' id='word_1_248' title='bbox 1866 3209 2063 3267; x_wconf 85' lang='lat' dir='ltr'><strong>levem</strong></span> 
     </span>
     <span class='ocr_line' id='line_1_31' title="bbox 151 3304 2061 3383; baseline -0.002 -18"><span class='ocrx_word' id='word_1_249' title='bbox 151 3309 361 3381; x_wconf 83' lang='lat' dir='ltr'><strong>civem,</strong></span> <span class='ocrx_word' id='word_1_250' title='bbox 386 3323 446 3369; x_wconf 87' lang='lat' dir='ltr'><strong>et</strong></span> <span class='ocrx_word' id='word_1_251' title='bbox 468 3309 622 3367; x_wconf 87' lang='lat' dir='ltr'><strong>inter</strong></span> <span class='ocrx_word' id='word_1_252' title='bbox 642 3317 1026 3373; x_wconf 81' lang='lat' dir='ltr'><strong>constantem,</strong></span> <span class='ocrx_word' id='word_1_253' title='bbox 1052 3324 1327 3363; x_wconf 82' lang='lat' dir='ltr'><strong>severum</strong></span> <span class='ocrx_word' id='word_1_254' title='bbox 1351 3318 1412 3363; x_wconf 87' lang='lat' dir='ltr'><strong>et</strong></span> <span class='ocrx_word' id='word_1_255' title='bbox 1438 3322 1701 3383; x_wconf 81' lang='lat' dir='ltr'><strong>gravem.</strong></span> <span class='ocrx_word' id='word_1_256' title='bbox 1784 3308 1879 3363; x_wconf 87' lang='lat'><strong>96.</strong></span> <span class='ocrx_word' id='word_1_257' title='bbox 1909 3304 2061 3375; x_wconf 79' lang='lat' dir='ltr'><strong>Qui-</strong></span> 
     </span>
     <span class='ocr_line' id='line_1_32' title="bbox 151 3396 2063 3477; baseline -0.001 -20"><span class='ocrx_word' id='word_1_258' title='bbox 151 3400 263 3460; x_wconf 86' lang='lat' dir='ltr'><strong>bus</strong></span> <span class='ocrx_word' id='word_1_259' title='bbox 287 3402 590 3463; x_wconf 84' lang='lat' dir='ltr'><strong>blanditiis</strong></span> <span class='ocrx_word' id='word_1_260' title='bbox 634 3397 821 3459; x_wconf 85' lang='lat' dir='ltr'><strong>Caius</strong></span> <span class='ocrx_word' id='word_1_261' title='bbox 889 3396 1171 3476; x_wconf 83' lang='lat' dir='ltr'><strong>Papirius</strong></span> <span class='ocrx_word' id='word_1_262' title='bbox 1233 3415 1429 3477; x_wconf 87' lang='lat' dir='ltr'><strong>nuper</strong></span> <span class='ocrx_word' id='word_1_263' title='bbox 1473 3397 1759 3456; x_wconf 86' lang='lat' dir='ltr'><strong>influebat</strong></span> <span class='ocrx_word' id='word_1_264' title='bbox 1792 3398 1853 3455; x_wconf 90' lang='lat' dir='ltr'><strong>in</strong></span> <span class='ocrx_word' id='word_1_265' title='bbox 1888 3418 2063 3456; x_wconf 86' lang='lat' dir='ltr'><strong>aures</strong></span> 
     </span>
     <span class='ocr_line' id='line_1_33' title="bbox 155 3492 2136 3571; baseline -0.001 -18"><span class='ocrx_word' id='word_1_266' title='bbox 155 3498 472 3566; x_wconf 79' lang='lat' dir='ltr'><strong>concionis,</strong></span> <span class='ocrx_word' id='word_1_267' title='bbox 498 3516 632 3555; x_wconf 89' lang='lat' dir='ltr'><strong>cum</strong></span> <span class='ocrx_word' id='word_1_268' title='bbox 654 3496 839 3553; x_wconf 83' lang='lat' dir='ltr'><strong>ferret</strong></span> <span class='ocrx_word' id='word_1_269' title='bbox 861 3495 1059 3571; x_wconf 88' lang='lat' dir='ltr'><strong>legem</strong></span> <span class='ocrx_word' id='word_1_270' title='bbox 1089 3493 1168 3551; x_wconf 89' lang='lat' dir='ltr'><strong>de</strong></span> <span class='ocrx_word' id='word_1_271' title='bbox 1195 3492 1445 3552; x_wconf 86' lang='lat' dir='ltr'><strong>tribunis</strong></span> <span class='ocrx_word' id='word_1_272' title='bbox 1472 3494 1666 3571; x_wconf 86' lang='lat' dir='ltr'><strong>plebis</strong></span> <span class='ocrx_word' id='word_1_273' title='bbox 1692 3493 2057 3553; x_wconf 80' lang='lat' dir='ltr'><strong>reficiendis!</strong></span> <span class='ocrx_word' id='word_1_274' title='bbox 2131 3535 2136 3540; x_wconf 88' lang='lat'>-</span> 
     </span>
     <span class='ocr_line' id='line_1_34' title="bbox 156 3587 2063 3668; baseline -0.001 -20"><span class='ocrx_word' id='word_1_275' title='bbox 156 3590 560 3653; x_wconf 85' lang='lat' dir='ltr'><strong>Dissuasimus</strong></span> <span class='ocrx_word' id='word_1_276' title='bbox 591 3612 720 3650; x_wconf 89' lang='lat' dir='ltr'><strong>nos.</strong></span> <span class='ocrx_word' id='word_1_277' title='bbox 802 3590 924 3649; x_wconf 85' lang='lat' dir='ltr'><strong>Sed</strong></span> <span class='ocrx_word' id='word_1_278' title='bbox 957 3590 1107 3648; x_wconf 89' lang='lat' dir='ltr'><strong>nihil</strong></span> <span class='ocrx_word' id='word_1_279' title='bbox 1129 3589 1216 3647; x_wconf 87' lang='lat' dir='ltr'><strong>-de</strong></span> <span class='ocrx_word' id='word_1_280' title='bbox 1251 3608 1384 3647; x_wconf 74' lang='lat' dir='ltr'><strong>mee</strong></span> <span class='ocrx_word' id='word_1_281' title='bbox 1436 3588 1511 3647; x_wconf 90' lang='lat' dir='ltr'><strong>de</strong></span> <span class='ocrx_word' id='word_1_282' title='bbox 1546 3589 1831 3668; x_wconf 87' lang='lat' dir='ltr'><strong>Scipione</strong></span> <span class='ocrx_word' id='word_1_283' title='bbox 1866 3587 2063 3646; x_wconf 87' lang='lat' dir='ltr'><strong>dicam</strong></span> 
     </span>
     <span class='ocr_line' id='line_1_35' title="bbox 156 3682 2061 3761; baseline -0.001 -19"><span class='ocrx_word' id='word_1_284' title='bbox 156 3686 451 3748; x_wconf 82' lang='lat' dir='ltr'><strong>libentius.</strong></span> <span class='ocrx_word' id='word_1_285' title='bbox 559 3688 811 3761; x_wconf 82' lang='lat' dir='ltr'><strong>Quanta</strong></span> <span class='ocrx_word' id='word_1_286' title='bbox 862 3686 966 3756; x_wconf 85' lang='lat' dir='ltr'><strong>illi,</strong></span> <span class='ocrx_word' id='word_1_287' title='bbox 1016 3686 1100 3744; x_wconf 92' lang='lat' dir='ltr'><strong>dii</strong></span> <span class='ocrx_word' id='word_1_288' title='bbox 1147 3683 1548 3743; x_wconf 87' lang='lat' dir='ltr'><strong>immortales!</strong></span> <span class='ocrx_word' id='word_1_289' title='bbox 1618 3684 1734 3742; x_wconf 86' lang='lat' dir='ltr'><strong>fuit</strong></span> <span class='ocrx_word' id='word_1_290' title='bbox 1786 3682 2061 3761; x_wconf 79' lang='lat' dir='ltr'><strong>gravitas,</strong></span> 
     </span>
     <span class='ocr_line' id='line_1_36' title="bbox 159 3778 2064 3859; baseline -0.002 -18"><span class='ocrx_word' id='word_1_291' title='bbox 159 3797 378 3858; x_wconf 86' lang='lat' dir='ltr'><strong>quanta</strong></span> <span class='ocrx_word' id='word_1_292' title='bbox 424 3785 483 3843; x_wconf 91' lang='lat' dir='ltr'><strong>in</strong></span> <span class='ocrx_word' id='word_1_293' title='bbox 539 3784 800 3843; x_wconf 85' lang='lat' dir='ltr'><strong>oratione</strong></span> <span class='ocrx_word' id='word_1_294' title='bbox 853 3781 1169 3859; x_wconf 81' lang='lat' dir='ltr'><strong>majestas!</strong></span> <span class='ocrx_word' id='word_1_295' title='bbox 1239 3792 1308 3838; x_wconf 88' lang='lat' dir='ltr'><strong>ut</strong></span> <span class='ocrx_word' id='word_1_296' title='bbox 1354 3778 1531 3838; x_wconf 84' lang='lat' dir='ltr'><strong>facile</strong></span> <span class='ocrx_word' id='word_1_297' title='bbox 1584 3778 1807 3837; x_wconf 87' lang='lat' dir='ltr'><strong>ducem</strong></span> <span class='ocrx_word' id='word_1_298' title='bbox 1855 3778 2064 3858; x_wconf 88' lang='lat' dir='ltr'><strong>populi</strong></span> 
     </span>
    </p>
   </div>
  </div>
 </body>
</html>
