2525 4409
435 401 520 460 36
979 413 1048 456 u.
1080 413 1140 454 r.
1173 411 1501 482 emenonis
1538 413 1799 466 namus,

434 561 497 608 et
537 566 672 605 cum
715 545 903 602 altero
944 563 1183 622 genero,
1219 545 1291 603 C.
1310 543 1562 614 Fannio,
1594 545 1680 602 M.
1708 545 1847 613 filio,
1881 547 2086 624 paucis
2128 546 2339 608 diebus

432 655 567 720 post
593 652 846 698 mortem
874 639 1156 698 Africani.
1237 640 1393 719 Ejus
1420 639 1838 719 disputationis
1866 643 2189 701 sententias
2214 665 2339 702 me-

433 737 641 792 moriae
671 732 974 805 mendavi3
1011 755 1160 811 quas
1185 734 1246 792 in
1266 735 1383 793 hoc
1404 735 1561 792 libro
1590 736 1842 813 exposui
1864 737 2145 796 arbitratu
2170 759 2336 798 meo:

435 831 602 909 quasi
645 831 803 888 enim
843 830 1004 908 ipsos
1043 829 1254 888 induxi
1286 831 1612 906 loquentes,
1646 851 1723 890 ne
1754 833 1997 910 inquam
2036 847 2098 891 et
2128 836 2337 912 inquit,

433 925 654 1002 saepius
681 925 1172 1001 interponeretur,
1203 937 1379 1004 atque
1415 939 1500 996 ut,
1528 938 1829 1004 tamquam
1858 947 1893 986 a
1920 932 2337 1007 praesentibus,

436 1040 635 1078 coram
669 1019 874 1078 haberi
907 1039 1100 1078 sermo
1132 1020 1449 1079 videretur.
1534 1026 1591 1098 4.
1625 1021 1781 1080 Cum
1816 1023 1979 1081 enim
2018 1045 2181 1104 saepe
2213 1046 2337 1084 me-

435 1135 571 1172 cum
607 1135 834 1192 ageres,
866 1127 930 1172 ut
955 1115 1032 1172 de
1065 1115 1327 1176 amicitia
1360 1117 1683 1174 scriberem
1715 1119 1959 1196 aliquid,
1988 1119 2171 1199 digna
2194 1123 2339 1181 mihi

433 1229 530 1268 res
557 1230 694 1268 cum
723 1210 982 1268 omnium
1011 1210 1371 1288 cognitione,
1400 1223 1525 1270 tum
1551 1225 1755 1272 nostra
1780 1213 2196 1286 familiaritate,
2214 1218 2341 1278 visa

433 1317 544 1362 est.
625 1304 835 1382 Itaque
863 1304 978 1363 feci
1012 1325 1127 1362 non
1161 1305 1392 1374 invitus,
1420 1319 1489 1364 ut
1519 1308 1859 1385 prodessem
1893 1311 2093 1371 multis
2126 1327 2339 1391 rogatu

431 1410 551 1458 tue.
634 1399 778 1470 Sed,
807 1415 874 1459 ut
901 1401 959 1458 in
989 1401 1220 1460 Catone
1249 1401 1503 1481 Majore,
1529 1403 1633 1481 qui
1660 1417 1752 1462 est
1782 1405 2035 1484 scriptus
2068 1408 2143 1466 sd
2170 1422 2231 1468 te
2260 1410 2339 1469 de

431 1509 758 1564 senectute,
781 1496 1072 1554 Catonem
1098 1495 1311 1555 induxi
1337 1517 1543 1556 senem
1564 1498 1988 1578 disputantem,
2011 1504 2149 1580 quia
2173 1506 2341 1564 nulla

430 1589 744 1648 videbatur
785 1591 974 1668 aptior
1013 1611 1288 1670 persona,
1322 1613 1457 1670 quae
1496 1592 1573 1652 de
1614 1594 1718 1653 illa
1756 1609 1931 1654 aetate
1972 1600 2337 1676 loqueretur,

432 1705 610 1761 quam
645 1687 792 1763 ejus,
821 1686 921 1763 qui
956 1699 1020 1744 et
1052 1686 1385 1746 diutissime
1418 1709 1605 1749 senex
1638 1691 1866 1762 fuisset,
1894 1706 1957 1752 et
1988 1695 2049 1752 in
2084 1696 2215 1774 ipsa
2246 1717 2337 1754 se-

430 1792 670 1835 nectute
704 1791 920 1856 praeter
954 1792 1181 1839 ceteros
1213 1783 1546 1844 floruisset:
1589 1785 1692 1854 sic,
1722 1807 1862 1845 cum
1896 1790 2339 1868 accepissemus

433 1891 470 1928 a
495 1873 760 1948 patribus
792 1874 1054 1932 maxime
1089 1879 1537 1938 memorabilem
1565 1881 1635 1939 C.
1658 1880 1834 1940 Laelii
1861 1895 1922 1941 et
1948 1884 2019 1944 P.
2038 1885 2337 1965 Scipionis

430 1965 891 2024 familiaritatem
925 1967 1130 2040 fuisse,
1157 1970 1373 2032 idonea
1406 1975 1550 2032 mihi
1580 1977 1757 2034 Laelii
1782 1999 2035 2056 persona
2064 1981 2191 2040 vis-a
2227 1993 2336 2053 est,

432 2080 567 2138 quse
603 2060 679 2118 de
715 2060 973 2122 amicitia
1012 2085 1086 2122 ea
1120 2066 1248 2146 ipsa
1281 2068 1620 2140 dissereret,
1650 2092 1784 2149 quae
1818 2073 2120 2152 disputata
2154 2077 2229 2135 ab
2262 2099 2338 2136 eo

430 2155 796 2214 meminisset
823 2157 1108 2219 Scaevola.
1190 2161 1399 2222 Genus
1428 2178 1627 2224 autem
1653 2167 1767 2226 hoc
1795 2189 2159 2242 sermonum,
2181 2173 2339 2250 posi-

430 2263 556 2309 tum
577 2251 638 2308 in
658 2252 964 2312 hominum
990 2270 1260 2316 veterum
1290 2261 1655 2331 auctoritate,
1678 2275 1739 2320 et
1763 2283 1974 2324 eornm
1994 2267 2337 2339 illustrium,

429 2347 584 2423 plue,
611 2347 818 2406 nescio
845 2367 963 2424 quo
989 2363 1184 2426 pact0,
1211 2354 1447 2412 videtur
1471 2356 1691 2416 habere
1720 2360 2067 2436 gravitatis„
2114 2363 2341 2443 ‘Itaque

431 2440 564 2518 ipse
583 2461 719 2498 mea
737 2443 948 2518 legens
975 2442 1062 2500 sic
1089 2444 1315 2502 afficior
1332 2449 1651 2522 interdum,
1672 2467 1739 2511 ut
1759 2455 2073 2528 Catonem,
2096 2478 2215 2516 non
2237 2479 2339 2519 me

431 2534 598 2609 loqui·
625 2534 974 2592 existimem.
1056 2541 1110 2595 5.
1145 2538 1291 2608 Sed,
1316 2553 1385 2598 ut
1415 2555 1539 2600 tum
1576 2545 1650 2602 sd
1680 2568 1884 2608 senem
1920 2571 2101 2610 senex
2136 2553 2213 2612 de
2244 2575 2339 2612 se·

430 2640 690 2697 nectute,
717 2627 802 2686 sic
830 2629 940 2687 hoc
967 2629 1119 2689 libro
1149 2633 1224 2689 ad
1254 2635 1507 2694 amicum
1544 2641 1931 2704 amicissimus
1966 2646 2043 2704 de
2079 2647 2341 2708 amicitia

431 2719 660 2798 scripsi.
745 2721 900 2780 Tum
929 2735 1018 2780 est
1039 2723 1193 2782 Cato
1215 2726 1465 2796 locutus,
1489 2750 1608 2806 quo
1632 2745 1761 2790 erat
1786 2754 1961 2795 nemo
1988 2737 2112 2797 fere
2140 2741 2341 2800 senior

429 2814 796 2893 temporibus
817 2817 950 2886 illis,
973 2839 1152 2877 nemo
1173 2821 1553 2898 prudentior:
1588 2847 1745 2886 nunc
1770 2829 1995 2890 Laelius
2016 2847 2077 2892 et
2096 2835 2337 2914 sapiens

433 2909 543 2987 (sic
587 2911 748 2970 enim
793 2925 882 2971 est
923 2913 1184 2991 habitus)
1231 2913 1293 2973 et
1342 2918 1615 2978 amicitiae
1663 2923 1855 3000 glorie
1900 2930 2211 3014 excellens,
2252 2931 2336 2990 de

429 3006 688 3066 amicitia
733 3008 1011 3086 loquitur.
1112 3009 1210 3069 Tu
1258 3012 1437 3070 velim
1486 3014 1745 3074 animum
1790 3038 1825 3076 s
1858 3039 1963 3078 me
2010 3043 2339 3104 parumper

430 3115 674 3171 avertem,
715 3103 970 3162 Laelium
1011 3104 1178 3184 loqui
1211 3105 1409 3183 ipsum
1450 3122 1645 3186 putes.
1748 3111 1820 3171 C.
1843 3113 2105 3176 Fannius
2146 3133 2209 3178 et
2250 3122 2336 3194 Q.

428 3193 670 3254 Mucius
698 3197 771 3254 ad
801 3220 1072 3258 socerum
1103 3201 1345 3260 veniunt
1371 3217 1503 3282 post
1530 3219 1778 3264 mortem
1800 3209 2103 3270 Africani:
2140 3215 2216 3273 ab
2236 3218 2335 3277 his

428 3306 629 3345 sermo
659 3291 876 3362 oritur3
919 3296 1240 3372 respondet
1278 3296 1523 3372 Laelius,
1562 3301 1729 3379 cujus
1756 3315 1881 3362 tota
1901 3304 2215 3384 disputatio
2240 3326 2338 3372 est

429 3379 508 3437 de
537 3382 810 3452 amicitia,
837 3406 1016 3460 quam
1041 3390 1248 3466 legens
1276 3404 1341 3450 tu
1368 3405 1428 3450 te
1456 3393 1648 3473 ipsum
1678 3417 2013 3476 cognosces.

504 3570 589 3631 ΙΙ.
632 3577 686 3632 6.
721 3571 1020 3635 FA‘Nmus.
1064 3577 1215 3637 Sunt
1245 3580 1597 3652 ista‚.Laeli!
1648 3607 1761 3646 nec
1801 3589 1960 3648 enim
1996 3594 2210 3651 melior
2240 3597 2339 3656 vir

421 3665 532 3724 fuit
547 3669 834 3729 Africano
851 3670 1178 3752 quisquam,
1195 3696 1309 3735 nec
1327 3679 1559 3740 clarior.
1622 3682 1747 3740 Sed
1764 3685 2105 3746 existimare
2124 3689 2333 3763 debes,

425 3764 688 3835 omnium
711 3768 915 3828 oculos
937 3771 1178 3830 nuncin
1201 3783 1259 3830 te
1284 3793 1415 3834 esse
1438 3777 1729 3855 conjectos
1742 3775 1769 3850 ς’
1798 3801 1981 3841 unum
2009 3795 2068 3844 te
2094 3786 2333 3864 sapien-
