2525 4409
464 379 546 438 58
1003 393 1071 434 ιι.
1103 393 1163 435 τ.
1195 391 1527 435 crestoms
1562 391 1825 444 namus,

463 524 686 583 debent
717 543 867 593 esse,
895 523 1049 580 sicut
1081 523 1331 582 aliarum
1369 543 1591 591 rerum,
1622 522 1941 581 satietates.
2024 521 2377 581 Veteri-ima

465 639 738 697 quaeque,
775 630 840 676 ut
877 637 950 675 ea
981 618 1138 688 vina,
1173 638 1307 696 quae
1342 631 1697 680 vetustatem
1733 616 1947 687 ferunt,
1982 637 2115 676 esse
2147 616 2375 676 debent

461 713 843 772 suavissima:
887 732 1214 789 verumque
1242 712 1390 770 illud
1420 724 1523 781 est,
1548 711 1713 788 quod
1740 710 1973 780 dicitur,
2003 713 2221 770 multos
2250 732 2372 770 mo-

463 805 594 865 dios
621 808 760 865 salis
779 808 955 864 simul
977 807 1240 866 edendos
1270 827 1419 876 esse,
1440 820 1503 865 ut
1526 806 1797 865 amicitiae
1819 826 2034 866 munus
2058 806 2373 884 expletum

463 903 554 960 sit.
635 907 731 961 68.
769 902 1081 960 Novitates
1115 915 1337 971 autem,
1366 901 1417 960 si
1450 921 1620 980 spem
1662 901 1929 969 afferunt,
1956 913 2039 968 ut,
2068 914 2374 977 tamquam

461 997 524 1054 in
555 997 753 1056 herbis
793 1018 911 1055 non
945 997 1278 1066 fallacibus,
1311 996 1539 1058 fructus
1580 1009 1886 1074 appareat,
1920 1015 2040 1053 non
2080 1007 2217 1052 sunt
2248 996 2371 1054 illae

464 1092 708 1169 quidem
753 1093 1176 1171 repudiandae3
1234 1105 1497 1151 vetustas
1544 1104 1743 1150 tamen
1794 1112 1902 1150 suo
1944 1093 2081 1150 loco
2130 1111 2373 1150 consere

464 1187 689 1246 vande:
733 1188 996 1246 maxima
1028 1200 1120 1246 est
1151 1188 1310 1245 enim
1344 1186 1431 1245 vis
1465 1187 1776 1245 vetustatis
1810 1200 1872 1245 et
1902 1186 2373 1244 consuetudinis.

464 1282 628 1354 Quin
656 1283 786 1360 ipso
819 1303 993 1361 equo,
1023 1283 1193 1361 cujus
1225 1281 1411 1340 modo
1444 1282 1810 1340 mentionem
1840 1280 1969 1350 feci,
1996 1282 2047 1338 si
2074 1283 2239 1338 nulla
2274 1301 2373 1340 res

463 1377 766 1456 impediat,
795 1398 974 1438 nemo
1015 1391 1122 1448 est,
1151 1378 1256 1456 qui
1288 1397 1408 1436 non
1448 1397 1542 1447 eo,
1574 1397 1695 1454 quo
1738 1377 2060 1446 consuevit,
2088 1377 2373 1436 libentius

463 1485 681 1543 utatur,
703 1494 878 1550 quarn
903 1475 1220 1532 intractato
1243 1486 1306 1531 et
1334 1493 1522 1532 novo:
1562 1493 1675 1531 nec
1701 1493 1843 1531 vero
1870 1473 1933 1530 in
1952 1473 2084 1542 hoc,
2104 1472 2265 1550 quod
2286 1485 2375 1531 est

464 1569 696 1638 animal,
729 1569 836 1628 sed
871 1570 932 1628 in
973 1569 1044 1627 iis
1087 1569 1285 1638 etiam,
1314 1589 1447 1645 quae
1494 1581 1633 1627 sunt
1674 1569 1951 1636 inanima,
1996 1567 2373 1626 consuetudo

463 1665 658 1722 valett
704 1685 843 1722 cum
869 1665 1017 1723 locis
1043 1665 1221 1722 etiam
1250 1664 1393 1741 ipsis
1418 1663 1803 1732 delectemur,
1832 1663 2160 1720 montuosis
2188 1663 2373 1720 etiam

465 1771 530 1814 et
567 1758 953 1827 silvestribus,
981 1759 1044 1815 in
1077 1759 1293 1834 quibus
1328 1758 1547 1816 diutius
1580 1757 1935 1830 commorati
1964 1777 2188 1816 sumus.
2276 1763 2372 1815 69.

467 1851 590 1909 Sed
621 1853 946 1910 maximum
975 1865 1067 1910 est
1095 1853 1158 1910 in
1185 1853 1468 1922 amicitia,
1491 1853 1863 1931 superiorem
1891 1873 2096 1932 parem
2122 1873 2261 1910 esse
2290 1855 2372 1911 in-

466 1946 704 2004 feriori:
747 1967 908 2025 saepe
941 1947 1098 2005 enim
1127 1949 1499 2007 excellentiae
1529 1969 1803 2025 quaeuam
1829 1961 1983 2019 sunt,
2012 1949 2205 2026 qualis
2240 1963 2375 2008 erat

465 2041 766 2120 Scipionis
787 2043 846 2102 in
876 2056 1089 2113 nostro,
1111 2055 1176 2100 ut
1197 2043 1279 2102 ita
1298 2044 1515 2113 dicam,
1538 2063 1743 2121 grege.
1826 2043 2155 2121 Nunquam
2182 2064 2250 2101 se
2273 2045 2373 2102 ille

467 2137 660 2208 Philo,
701 2159 1000 2217 nunquam
1036 2139 1303 2217 Rupilio,
1344 2158 1645 2216 nunquam
1679 2139 1971 2197 Mummio
2012 2140 2372 2217 anteposuit,

463 2254 764 2312 nunquam
811 2233 1105 2293 inferioris
1156 2234 1381 2292 ordinis
1430 2234 1653 2292 amicis.
1753 2233 1834 2306 Q.
1862 2254 2005 2292 vero
2038 2235 2373 2293 Maximum

463 2330 725 2398 fratrem,
749 2330 1062 2407 egregium
1091 2329 1285 2386 virum
1313 2329 1572 2398 omnino,
1600 2329 1712 2387 sibi
1739 2349 2112 2407 nequaquam
2142 2349 2371 2408 parem,

465 2424 622 2500 quod
658 2424 708 2481 is
741 2425 1000 2483 anteibat
1033 2437 1225 2495 aetate,
1255 2439 1551 2502 tamquam
1588 2428 1961 2505 superiorem
1994 2430 2246 2499 colebat,
2283 2451 2373 2488 su-

463 2539 652 2595 osque
695 2539 896 2576 omnes
935 2539 1046 2595 per
1083 2541 1148 2578 se
1192 2541 1325 2579 esse
1366 2522 1683 2600 ampliores
1714 2523 1965 2582 volebat.
2046 2529 2140 2582 70.
2186 2525 2371 2596 Quod

463 2612 801 2670 faciendum
820 2613 1283 2693 imitandumque
1302 2630 1392 2674 est
1412 2617 1700 2685 omnibus,
1719 2629 1802 2686 ut,
1822 2615 1870 2676 si
1890 2639 2066 2696 quam
2084 2635 2371 2696 praestan—

464 2707 614 2764 tiam
646 2707 890 2776 virtutis,
925 2708 1170 2786 ingenii,
1197 2710 1449 2770 fortunae
1492 2714 1795 2770 consecuti
1834 2726 1989 2784 sunt,
2024 2715 2373 2792 impertiant

463 2822 538 2860 ea
564 2803 703 2873 suis,
725 2804 1277 2882 communicentque
1306 2827 1444 2864 cum
1472 2807 1796 2884 proximis3
1834 2822 1916 2876 ut,
1940 2807 1989 2866 si
2017 2811 2371 2886 parentibus

461 2897 582 2954 nati
627 2897 742 2956 sint
783 2898 1124 2968 humilibus,
1159 2899 1209 2956 si
1252 2900 1615 2978 propinquos
1656 2902 1909 2960 habeant
1946 2903 2371 2964 imbecilliores

459 2993 556 3052 vel
585 2993 799 3063 animo,
823 2995 917 3051 vel
939 2994 1192 3063 fortuna,
1215 3015 1423 3053 eorum
1454 3010 1709 3073 augeant
1736 3018 1901 3075 opes,
1928 2998 2137 3075 eisque
2158 3001 2369 3060 honori

459 3088 577 3146 sint
619 3102 681 3146 et
722 3088 1031 3166 dignitati:
1087 3101 1151 3146 ut
1193 3088 1256 3145 in
1299 3089 1534 3158 fabulis,
1568 3091 1671 3168 qui
1716 3093 2082 3170 aliquamdiu
2126 3109 2371 3174 propter

456 3182 889 3258 ignorationem
930 3184 1130 3262 stirpis
1169 3196 1232 3242 et
1272 3185 1509 3262 generis
1542 3186 1601 3242 in
1633 3185 1922 3246 famulatu
1954 3187 2196 3258 fuerint,
2234 3211 2368 3248 cum

461 3277 682 3350 cogniti
703 3291 853 3345 sunt,
872 3290 932 3336 et
961 3293 1062 3336 aut
1077 3278 1346 3348 deorum,
1366 3292 1467 3337 aut
1484 3300 1697 3357 regum
1718 3282 1827 3339 filii
1846 3283 2089 3352 inventi,
2108 3285 2369 3343 retinent

461 3380 662 3425 tamen
707 3371 1016 3430 caritatem
1057 3373 1117 3430 in
1165 3387 1450 3451 pastoreS,
1477 3397 1625 3451 quos
1669 3390 1871 3454 patres
1918 3379 2135 3436 multos
2181 3400 2370 3438 annos

461 3483 595 3522 esse
613 3462 931 3523 duxerunt.
1012 3466 1199 3536 Quod
1219 3471 1408 3526 multo
1429 3469 1696 3547 profecto
1716 3473 1907 3549 magis
1926 3473 1988 3530 in
2008 3474 2167 3530 veris
2188 3476 2371 3552 patri-

460 3559 573 3616 bus
594 3558 886 3636 certisque
904 3559 1254 3621 faciendum.
1328 3565 1587 3623 Fructus
1610 3566 1769 3623 enim
1788 3567 2012 3645 ingenii
2036 3581 2097 3626 et
2114 3571 2374 3640 virtutis,

461 3654 766 3731 omnisque
787 3656 1158 3732 praestantiae,
1181 3670 1309 3715 tum
1334 3659 1626 3720 maximus
1649 3661 1902 3739 capitur,
1929 3681 2064 3720 cum
2089 3662 2149 3720 in
2172 3666 2378 3744 proxi-

459 3767 626 3808 mum
656 3745 952 3829 quemque
981 3751 1295 3812 confertur.
