2525 4409
550 377 839 424 sonuum
872 377 1422 422 semema—cu.
1446 378 1528 432 νη,
1553 378 1638 420 vx.
1969 365 2046 422 97

168 507 500 586 conjunctus
535 507 880 588 imparibus,
904 509 1011 568 sed
1052 521 1253 568 tamen
1293 527 1404 587 pro
1443 522 1574 568 rata
1611 519 1801 588 parte,
1819 510 2050 570 ratione

170 601 461 674 distinctis,
488 605 752 684 impulsu
778 615 839 663 et
870 617 1033 664 motu
1064 604 1330 683 ipsorum
1361 604 1596 664 orbium
1631 605 1960 676 conficitur,
1987 619 2052 664 et

160 710 322 757 acuta
360 720 495 758 cum
542 700 823 778 gravibus
865 712 1223 778 temperans,
1256 699 1452 758 varios
1495 700 1870 777 aequabiliter
1912 721 2047 760 con-

158 806 355 852 centus
384 795 601 854 efficitt
642 815 758 854 nec
792 795 953 854 enim
978 793 1221 853 silentio
1251 795 1398 854 tanti
1433 808 1624 854 motus
1652 796 1884 855 incitari
1913 817 2047 875 pos·

154 901 297 958 sunt,
326 901 386 949 et
422 903 635 950 natura
664 889 799 960 fert,
826 902 895 948 ut
926 902 1195 948 extrema
1228 909 1308 948 ex
1339 891 1525 948 altera
1555 903 1728 969 parte
1768 892 2046 970 graviter,

152 1001 226 1040 ex
246 985 432 1042 altera
453 997 653 1044 autem
683 997 857 1048 acute
884 997 1111 1044 sonent.
1192 984 1398 1055 Quam
1419 985 1496 1044 ob
1519 1005 1756 1046 causam
1783 1006 2046 1046 summus

152 1077 247 1136 ille
286 1081 421 1140 coeli
460 1079 711 1140 stellifer
748 1099 973 1149 cursus,
1008 1080 1181 1159 cujus
1220 1081 1526 1140 conversio
1559 1093 1646 1140 est
1685 1083 2046 1150 concitatior,

148 1188 319 1232 acuto
359 1188 425 1236 et
466 1177 727 1235 excitato
768 1187 1045 1234 movetur
1082 1193 1261 1235 sono:
1321 1177 1671 1254 gravissimo
1713 1190 1912 1236 autem
1949 1178 2048 1236 hic

148 1268 363 1327 lunaris
404 1283 585 1346 atque
624 1271 905 1330 infimusz
958 1289 1099 1328 nam
1138 1281 1314 1338 terra,
1355 1291 1534 1339 nona,
1567 1271 1886 1328 immobilis
1928 1291 2049 1328 ma-

145 1379 309 1433 nens,
339 1365 465 1421 ima
502 1364 647 1422 sede
688 1385 927 1440 semper
955 1365 1160 1433 haeret,
1190 1365 1511 1442 complexa
1548 1363 1812 1422 medium
1848 1365 2052 1422 mundi

145 1457 357 1514 locum.
439 1457 535 1512 Illi
570 1469 769 1513 autem
802 1469 937 1513 octo
978 1477 1203 1524 cursus,
1232 1458 1296 1514 in
1329 1456 1546 1534 quibus
1588 1457 1800 1516 eadem
1833 1459 1924 1517 vis
1960 1473 2052 1518 est

144 1551 414 1621 duorum,
449 1562 683 1629 septem
716 1549 975 1610 efficiunt
1007 1548 1310 1610 distinctos
1342 1548 1666 1612 intervallis
1695 1573 1906 1612 sonos:
1949 1554 2052 1631 qui

145 1666 423 1706 numerus
450 1665 651 1704 rerum
678 1645 941 1704 omnium
966 1644 1095 1704 fere
1118 1645 1306 1704 nodus
1325 1660 1416 1706 est
1439 1669 1456 1705 ε
1497 1647 1656 1724 quod
1679 1647 1838 1706 docti
1862 1649 2050 1706 homi-

148 1758 246 1801 nes
270 1742 467 1803 nervis
496 1741 725 1812 imitati,
748 1753 925 1818 atque
952 1740 1240 1811 cantibus,
1265 1755 1626 1822 aperuerunt
1651 1743 1764 1802 sibi
1780 1743 2050 1802 'reditum

148 1837 205 1894 in
241 1835 395 1896 hunc
434 1833 657 1907 locum,
700 1836 857 1896 sicut
896 1835 1017 1906 alii,
1066 1836 1170 1913 qui
1208 1835 1626 1915 praestantibua
1672 1838 1944 1916 ingenii&
1983 1839 2046 1896 in

146 1932 260 1992 vita
277 1933 554 2003 humana,
572 1931 773 1992 divina
790 1931 985 1990 studia
1002 1932 1330 1992 coluerunt.
1385 1969 1390 1972 -
1410 1933 1550 1992 Hoc
1570 1934 1764 1993 sonitu
1787 1935 2044 2012 oppletae

144 2045 307 2086 aures
326 2029 639 2088 hominum
667 2027 1139 2086 obsurduerunt:
1182 2047 1300 2085 nec
1323 2038 1416 2084 est
1439 2029 1598 2086 ullus
1617 2028 1890 2086 hebetior
1917 2047 2043 2084 sen-

140 2139 233 2182 sus
258 2123 316 2182 in
338 2123 520 2183 vobis
536 2143 555 2181 t
598 2123 755 2182 sicut
782 2121 886 2180 ubi
906 2121 1085 2178 Nilus
1114 2120 1190 2177 ad
1210 2121 1336 2189 illa,
1359 2139 1492 2197 quoe
1512 2120 1834 2197 Catadupa
1859 2120 2046 2176 nomi-

138 2230 355 2290 nantur,
386 2216 737 2299 pffaecipitat
780 2235 859 2276 ex
902 2214 1203 2274 altissimis
1246 2215 1561 2284 montibus,
1595 2235 1670 2272 ea
1711 2234 1878 2292 gens,
1913 2233 2046 2290 quae

136 2311 297 2371 illum
320 2315 537 2374 locum
566 2311 796 2383 accolit,
824 2322 1069 2390 propter
1094 2308 1564 2388 magnitudinem
1590 2309 1837 2378 sonitus,
1867 2327 2048 2367 sensu

137 2407 403 2468 audiendi
452 2419 633 2468 caret.
713 2407 841 2470 Hic
865 2425 1009 2466 vero
1041 2417 1241 2464 tantus
1275 2417 1368 2464 est
1399 2405 1578 2464 totius
1611 2404 1818 2464 mundi
1843 2403 2046 2464 incita-

138 2501 353 2564 tissima
372 2504 771 2564 conversione
791 2502 1037 2572 sonitus,
1054 2513 1123 2566 ut
1144 2520 1284 2558 eum
1307 2521 1478 2559 aures
1499 2500 1804 2560 hominum
1827 2520 2046 2580 capere

139 2616 250 2656 non
286 2598 542 2678 possint,
578 2598 733 2656 sicut
764 2597 982 2656 intueri
1017 2597 1205 2656 solem
1242 2595 1552 2656 adversum
1583 2598 1858 2675 nequitis,
1893 2597 2046 2676 ejus-

142 2713 250 2770 que
273 2695 465 2754 radiis
496 2693 655 2752 acies
680 2705 877 2752 vestra
908 2691 1235 2769 sensusque
1260 2691 1536 2751 vincitur.
1618 2692 1774 2754 Haec
1800 2713 1918 2770 ego
1945 2691 2045 2750 ad-

142 2789 369 2862 mirans,
392 2789 737 2850 referebam
762 2799 964 2850 tamen
990 2789 1195 2846 oculos
1220 2786 1299 2844 ad
1323 2799 1544 2846 terram
1571 2786 1914 2845 identidem.

215 2981 325 3042 vl.
362 2982 535 3040 Tum
552 2975 891 3043 Africanus,
910 2974 1134 3042 Sentio,
1150 2973 1364 3051 inquit,
1377 2986 1440 3034 te
1459 2973 1667 3032 sedem
1691 2974 1871 3032 etiam
1893 2993 2047 3033 nunc

146 3075 448 3136 hominum
487 3091 557 3134 ac
591 3069 834 3128 domum
874 3069 1300 3145 contemplari:
1347 3089 1484 3146 quae
1525 3067 1576 3124 si
1608 3068 1718 3124 tibi
1751 3086 1952 3144 parva,
1984 3082 2048 3126 ut

146 3184 245 3243 cst,
260 3169 347 3232 i‘ta
364 3167 623 3234 videtur,
636 3159 769 3221 baec
787 3159 1053 3228 coelestia
1070 3181 1309 3240 semper
1335 3173 1630 3240 spectato:
1666 3161 1771 3220 illa
1788 3163 2048 3221 humana

148 3263 522 3326 contemnito.
606 3259 703 3318 Tu
744 3256 903 3316 enim
952 3274 1131 3332 quam
1170 3256 1578 3316 celebritatem
1617 3257 1904 3322 sermonis
1946 3259 2044 3318 ho-

144 3361 387 3430 minum,
426 3369 531 3416 aut
562 3373 743 3434 quam
783 3349 1181 3432 expetendam
1222 3351 1476 3431 gloriam
1515 3354 1794 3432 consequi
1826 3358 2043 3434 potes‘l

146 3453 341 3522 Vides,
357 3453 613 3514 habitari
635 3453 698 3511 in‘
724 3464 883 3510 terra
908 3448 1057 3512 raris
1082 3461 1144 3508 et
1172 3451 1434 3530 angustis
1461 3452 1523 3510 in
1543 3454 1708 3526 locis,
1737 3467 1796 3512 et
1815 3455 1876 3511 in
1898 3455 2044 3532 ipsis

148 3552 311 3628 quasi
330 3545 598 3620 maculis,
620 3547 725 3608 ubi
742 3547 1060 3618 habitatur,
1082 3559 1278 3606 vastas
1305 3547 1653 3607 solitudines
1673 3548 2043 3626 interjectas:

148 3665 392 3724 eosque,
428 3645 530 3724 qui
563 3645 829 3703 incolunt
862 3637 1113 3713 terram,
1152 3635 1282 3702 'non
1328 3633 1512 3700 modo
1553 3643 1918 3719 interruptos
1960 3641 2046 3700 ita

151 3757 299 3810 esse,
322 3751 391 3799 ut
406 3740 553 3798 nihil
574 3737 731 3798 inter
750 3738 907 3818 ipsos
929 3738 1005 3797 ab
1032 3738 1163 3799 aliis
1184 3739 1261 3800 ad
1285 3738 1432 3798 alios
1451 3755 1694 3796 manare
1715 3735 1918 3817 possit,
1938 3735 2046 3795 sed

1783 3966 1810 3982 N
