2525 4409
495 408 638 450 srvn
673 407 754 450 nn
792 406 1334 451 Amorum—cn.
1361 407 1520 460 vm„
1544 407 1633 448 11.
1948 395 2033 452 45

134 539 498 598 simulatione
547 539 828 599 amicitias
875 540 1152 598 coluntur
1193 551 1254 598 et
1294 539 1689 598 observantur
1735 541 2031 618 temporis

133 655 324 695 causa:
359 637 418 693 in
447 635 702 695 amicitia
731 649 930 693 autem
959 635 1107 692 nibil
1129 635 1351 703 fictum,
1372 635 1517 692 nihil
1538 635 1911 706 simulatum3
1946 647 2029 706 et,

129 729 404 808 quidquid
421 745 528 801 est,
547 730 606 788 id
629 743 688 788 et
703 750 914 789 verum
933 743 995 788 et
1015 730 1429 788 voluntarium.
1513 735 1607 788 27.
1637 729 2030 809 Quapropter

129 843 161 881 a
204 839 408 884 natura
454 827 598 884 mihi
637 825 870 884 videtur
915 824 1126 904 potius,
1163 843 1343 902 quam
1396 826 1471 884 ab
1514 825 1859 904 indigentia,
1896 839 2027 886 orta

127 921 388 991 amicitia,
419 937 480 980 et
513 921 912 1001 applicatione
947 920 1138 998 magis
1173 920 1355 978 animi
1389 939 1525 978 cum
1554 921 1813 998 quodam
1848 941 2025 980 sensu

124 1015 370 1086 amandi,
391 1037 572 1096 quam
601 1017 978 1095 cogitatione,
1002 1027 1289 1092 quantum
1318 1016 1421 1074 illa
1444 1037 1543 1074 res
1568 1016 1837 1076 utilitatis
1864 1029 2025 1077 esset

119 1112 400 1172 habitura.
481 1113 667 1186 Quod
690 1113 932 1190 quidem
957 1113 1134 1190 quale
1153 1111 1248 1180 sit,
1271 1112 1449 1170 etiam
1470 1113 1531 1170 iu
1552 1113 1759 1171 bestiis
1780 1113 2022 1190 quibus·

119 1205 246 1266 dam
289 1208 684 1268 animadverti
716 1221 930 1287 potest,
965 1225 1102 1284 quae
1142 1227 1220 1264 ex
1263 1227 1331 1266 se
1373 1221 1543 1267 natos
1582 1209 1667 1266 ita
1708 1220 1908 1266 amant
1946 1207 2023 1266 ad

115 1303 415 1380 quoddam
451 1317 705 1381 tempus,
733 1315 794 1362 et
829 1304 905 1362 ab
941 1303 1028 1362 eis
1062 1303 1148 1360 ita
1179 1316 1470 1373 amantur,
1500 1315 1567 1360 ut
1597 1302 1773 1362 facile
1816 1321 2023 1360 aarum

112 1419 322 1456 sensus
367 1411 666 1476 appareat.
749 1397 936 1469 Quod
963 1398 1025 1456 in
1057 1397 1296 1454 homine
1329 1400 1517 1454 multo
1551 1410 1642 1455 est
1674 1395 2023 1455 evidentius.

112 1493 386 1551 Primum
421 1512 498 1550 ex
533 1513 606 1550 ea
639 1493 902 1560 caritate,
933 1513 1066 1570 quae
1108 1505 1202 1550 est
1235 1493 1397 1551 inter
1426 1505 1595 1550 natos
1631 1504 1691 1550 et
1724 1505 2023 1570 parentes,

116 1610 244 1666 quae
279 1587 500 1657 dirimi,
533 1589 648 1648 nisi
681 1588 1020 1648 detestabili
1059 1589 1309 1658 scelere,
1343 1608 1464 1646 non
1505 1599 1736 1666 potest:
1788 1587 2023 1656 deinde,

115 1703 240 1742 cum
268 1683 478 1742 similis
506 1703 716 1742 sensus
747 1683 970 1742 exstitit
999 1684 1230 1752 amoris,
1251 1685 1303 1742 si
1326 1684 1585 1762 aliquem
1618 1683 1779 1742 nacti
1798 1703 2021 1754 sumus,

116 1780 276 1857 cujus
325 1799 466 1838 cum
507 1780 772 1837 moribus
815 1791 878 1836 et
917 1793 1129 1838 natura
1175 1799 1591 1857 cong-ruamus,
1632 1779 1795 1856 quod
1836 1780 1895 1836 in
1945 1799 2023 1838 eo

116 1875 272 1952 quasi
289 1876 493 1933 lumen
517 1874 761 1951 aliquod
783 1875 1092 1951 probitatis
1113 1887 1172 1932 et
1193 1876 1423 1934 virtutis
1444 1875 1795 1955 perspicere
1817 1875 2017 1934 videa·

116 1989 256 2028 mur.
337 1973 434 2029 28.
479 1971 647 2028 Nihil
683 1983 774 2028 est
815 1970 972 2028 enim
1017 1971 1329 2039 amabilius
1369 1971 1619 2040 virtute3
1664 1971 1829 2040 nihil,
1859 1970 2014 2048 quod

115 2067 292 2145 magis
315 2067 536 2126 alliciat
553 2066 822 2124 homines
847 2065 917 2124 ad
939 2065 1341 2143 diligendum:
1377 2068 1601 2145 quippe
1620 2089 1756 2126 cum
1774 2081 2019 2145 propter

114 2162 376 2222 virtutem
405 2176 470 2222 et
501 2161 858 2240 probitatem
887 2181 994 2219 eos
1021 2159 1221 2229 etiam,
1244 2181 1393 2236 quos
1420 2181 1723 2238 nunquam
1744 2161 2018 2229 vidimus,

116 2258 362 2333 quodam
404 2257 592 2316 modo
627 2256 960 2333 diligamus.
1042 2254 1198 2327 Quis
1237 2267 1348 2324 est,
1375 2255 1475 2330 qui
1504 2255 1575 2312 C.
1598 2254 1883 2322 Fabricii,
1914 2255 2019 2312 Μ’.

115 2351 276 2412 Curii
299 2365 416 2415 ‘non
448 2373 592 2412 cum
620 2351 868 2410 caritate
902 2350 1100 2428 aliqua
1134 2363 1196 2408 et
1222 2349 1645 2408 benevolentia
1672 2349 2019 2408 memoriam

113 2464 364 2528 usurpet,
401 2468 556 2528 quos
603 2467 911 2524 nunquam
953 2445 1216 2505 viderit?
1318 2444 1475 2517 Quis
1523 2459 1724 2504 autem
1774 2459 1879 2515 est,
1915 2446 2019 2524 qui

116 2542 498 2622 Tarquinium
522 2543 886 2621 Superbum,
905 2542 1010 2620 qui
1029 2542 1138 2622 Sp.
1157 2541 1453 2612 Cassium,
1475 2541 1581 2622 Sp.
1601 2542 1870 2602 Maelium
1900 2563 2019 2602 non

115 2639 333 2700 oderit'l
416 2641 582 2699 Cum
610 2638 840 2698 duobus
867 2638 1120 2698 ducibus
1141 2639 1218 2698 de
1245 2639 1505 2718 imperio
1532 2639 1595 2697 in
1616 2639 1791 2698 Italia
1812 2638 2017 2697 decer·

113 2747 286 2796 tatum
320 2752 433 2808 est,
467 2735 706 2812 Pyrrho
739 2747 806 2794 et
837 2733 1216 2793 Hannibale:
1261 2735 1337 2793 ab
1370 2736 1574 2805 altero,
1602 2748 1849 2814 propter
1880 2755 2017 2813 pro·

113 2830 347 2892 bitatem
375 2835 532 2912 ejus,
553 2834 672 2888 non
699 2830 876 2888 nimis
904 2831 1130 2889 alienos
1159 2829 1386 2887 animos
1404 2830 1727 2898 habemus;
1764 2830 2017 2888 alterum

115 2943 347 3007 propter
375 2926 796 2988 crudelitatem
823 2943 1064 3003 semper
1089 2926 1218 2983 haec
1245 2925 1455 2982 civitas
1484 2923 1692 2981 oderit.

190 3119 296 3180 IXae
342 3122 444 3176 29.
481 3111 666 3183 Quod
693 3111 742 3168 si
775 3122 936 3167 tanta
966 3111 1054 3167 vis
1085 3113 1395 3189 probitatis
1428 3124 1537 3178 est,
1566 3123 1635 3168 ut
1667 3130 1800 3168 eam
1834 3111 1930 3168 vel
1956 3112 2020 3168 in

119 3214 216 3284 eis,
247 3233 398 3292 quos
429 3225 734 3284 nunquam
761 3203 1036 3272 vidimus,
1064 3206 1175 3272 vel,
1208 3206 1368 3281 quod
1396 3206 1591 3281 majus
1624 3217 1733 3275 est,
1762 3205 1824 3264 in
1852 3207 2019 3265 hoste

120 3311 288 3368 etiam
317 3308 677 3384 diligamus3
715 3298 858 3379 quid
889 3298 1118 3368 mirum,
1141 3300 1192 3357 si
1215 3300 1395 3357 animi
1418 3301 1725 3360 hominum
1752 3323 2021 3362 movean-

121 3416 228 3474 tur,
263 3425 400 3464 cum
445 3419 674 3468 eorum,
705 3397 1059 3475 quibuscum
1091 3416 1207 3454 usu
1249 3397 1547 3476 conjuncti
1582 3419 1713 3458 esse
1755 3415 2019 3480 possunt,

122 3500 390 3558 virtutem
414 3512 474 3558 et
494 3497 814 3555 bonitatem
837 3492 1184 3572 perspicere
1205 3492 1550 3554 videanturl
1634 3496 2021 3572 Quamquam

127 3595 502 3653 confirmatur
523 3611 690 3652 amor
709 3603 768 3649 et
788 3588 1078 3648 beneficio
1099 3601 1363 3667 accept0,
1386 3600 1448 3647 et
1468 3590 1663 3649 studio
1683 3603 2020 3668 perspect0‚

128 3701 186 3748 et
211 3689 640 3750 consuetudine
669 3687 981 3767 adjuncta:
1027 3686 1242 3764 quibus
1270 3685 1449 3743 rebus
1476 3683 1550 3742 ad
1570 3686 1736 3743 illum
1764 3685 2023 3763 primum

129 3798 348 3844 motum
377 3786 556 3844 animi
581 3795 644 3843 et
671 3783 886 3843 amoris
917 3781 1210 3852 adhibitis,
1231 3778 1595 3841 admirabilis
1622 3779 1897 3857 quaedam
1923 3800 2024 3840 ex-
