2525 4409
491 376 633 419 siva·
673 377 762 419 na·
795 375 1337 419 Amorum—car.
1365 375 1710 429 :cvra-xxx.
1975 364 2057 429 ⁸7,

139 509 406 576 vincunt,
437 520 538 567 aut
568 507 616 567 si
643 508 706 567 in
733 506 906 567 bonis
937 508 1118 568 rebus
1151 519 1557 577 contemnunt,
1584 520 1689 568 aut
1722 508 1774 567 si
1801 508 1863 567 in
1888 509 2059 569 malis

142 604 446 661 deserunt.

223 791 467 851 XVIII.
509 792 638 864 Qui
664 792 847 871 igitur
883 805 1136 870 utraque
1168 792 1230 849 in
1271 813 1337 851 re
1376 812 1641 871 gravem,
1670 806 2055 865 constantem,

141 890 420 949 stabilem
453 909 520 947 se
553 888 614 947 in
650 888 908 948 amicitia
939 888 1297 967 praestiterit,
1328 889 1485 949 hunc
1518 909 1597 949 ex
1630 891 1889 949 maxime
1922 912 2057 949 raro

142 984 452 1043 hominum
487 1004 708 1063 genere
728 983 1004 1063 judicare
1031 984 1341 1053 debemuS,
1370 997 1429 1043 et
1458 1004 1627 1062 paene
1654 984 1875 1044 divino.
1956 992 2053 1047 65.

143 1079 620 1138 Firmamentum
643 1093 846 1139 autem
869 1078 1208 1138 stabilitatis
1227 1079 1685 1157 constantiaeque
1706 1082 1855 1158 ejus,
1874 1100 2055 1156 quam

143 1174 208 1232 in
241 1174 502 1233 amicitia
533 1175 872 1252 quaerimus,
901 1174 1054 1232 fides
1093 1186 1202 1231 est.
1293 1174 1463 1231 Nihil
1496 1174 1653 1231 enim
1696 1175 1907 1233 stabile
1942 1188 2053 1244 est,

144 1270 308 1347 quod
349 1270 618 1330 infidum.
699 1268 1052 1346 Simplicem
1100 1280 1409 1345 praeterea,
1451 1279 1513 1325 et
1558 1287 1955 1337 communem,
1998 1280 2059 1327 et

142 1364 642 1433 consentientem,
671 1363 774 1439 qui
805 1363 984 1420 rebus
1025 1360 1252 1419 eisdem
1296 1375 1584 1430 movetur,
1612 1361 1755 1438 eligi
1788 1382 1899 1439 par
1932 1375 2057 1423 estz

141 1480 286 1537 quae
319 1459 520 1517 omnia
543 1458 842 1536 pertinent
875 1454 951 1515 ad
979 1455 1344 1514 fidelitatem.
1426 1456 1649 1532 Neque
1686 1455 1844 1513 enim
1872 1454 2059 1515 fidum

141 1567 346 1633 potest
367 1574 498 1612 esse
521 1554 838 1631 multiplex
858 1550 1185 1630 ingenium,
1201 1562 1265 1608 et
1284 1563 1615 1609 tortuosum
1628 1568 1657 1621 ς’
1682 1571 1877 1627 neque
1895 1571 2059 1622 vere,

145 1650 250 1726 qui
283 1670 400 1708 non
435 1649 650 1709 iisdem
692 1648 874 1707 rebus
913 1660 1208 1715 movetur,
1243 1658 1569 1724 naturaque
1612 1647 1923 1717 consentit,
1958 1660 2059 1707 aut

144 1746 320 1815 fidus,
349 1758 450 1803 aut
481 1745 712 1805 stabilis
740 1756 934 1823 potest
961 1762 1116 1801 esse.
1197 1742 1563 1801 Addendum
1596 1742 1817 1801 eodem
1852 1755 1961 1812 est,
1990 1756 2059 1805 ut

144 1862 226 1899 ne
261 1840 604 1899 criminibus
655 1852 756 1899 aut
788 1837 1115 1899 inferendis
1143 1836 1493 1907 delectetur,
1526 1849 1627 1897 aut
1659 1837 1861 1897 credat
1894 1840 2055 1899 obla·-

145 1937 256 1994 tis:
293 1956 422 2013 quae
443 1935 642 1994 omnia
661 1935 960 2012 pertinent
981 1934 1058 1993 ad
1079 1954 1230 2002 eam,
1253 1953 1433 2010 quam
1452 1932 1813 2011 jamdudum
1842 1946 2053 2005 tracto,

148 2032 556 2091 constantiam.
638 2030 732 2089 Ita
764 2030 830 2091 fit
857 2048 1064 2087 verum
1097 2027 1260 2097 illud,
1290 2027 1453 2104 quod
1480 2028 1649 2085 initio
1682 2028 1827 2098 dixi,
1856 2030 2054 2087 amici-

145 2126 312 2196 tiam,
345 2126 460 2185 nisi
493 2126 650 2184 inter
683 2125 894 2193 bonos,
929 2142 1060 2183 esse
1105 2142 1222 2181 non
1274 2142 1473 2199 posse.
1562 2123 1677 2181 Est
1724 2123 1882 2181 enim
1916 2122 2057 2181 boni

144 2222 280 2291 viri,
299 2242 478 2299 quem
504 2220 761 2280 eundem
789 2218 1122 2297 sapientem
1148 2216 1293 2275 licet
1312 2216 1527 2285 dicere,
1548 2216 1679 2275 haec
1698 2216 1823 2275 duo
1852 2228 2058 2275 tenere

145 2318 210 2377 in
240 2317 534 2377 amicitia:
575 2315 856 2395 primum,
877 2335 956 2373 ne
981 2312 1129 2391 quid
1148 2312 1353 2371 fictum
1380 2312 1473 2381 sit,
1496 2332 1649 2371 neve
1676 2312 2055 2375 simulaturus

147 2426 358 2492 aperte
399 2412 560 2471 enim
600 2412 698 2471 vel
737 2410 952 2480 odisse,
985 2409 1178 2487 magis
1219 2407 1468 2487 ingenui
1508 2420 1617 2478 est,
1646 2428 1829 2486 quam
1864 2408 2059 2469 fronte

149 2510 450 2569 occultare
479 2508 867 2567 sententiam:
909 2505 1146 2576 deinde,
1169 2525 1289 2563 non
1314 2504 1507 2563 solum
1534 2504 1607 2563 ab
1630 2503 1827 2580 aliquo
1850 2504 2059 2563 allatas

149 2605 590 2665 criminationes
622 2605 938 2682 repellere,
965 2601 1072 2663 sed
1098 2622 1176 2659 ne
1204 2600 1403 2679 ipsum
1428 2600 1676 2677 quidem
1704 2620 1837 2659 esse
1868 2598 2059 2678 suspi-

149 2702 396 2770 ciosum,
426 2720 666 2779 semper
693 2697 912 2777 aliquid
939 2698 1360 2757 exstimantem
1388 2696 1464 2755 ab
1495 2695 1689 2755 amico
1717 2716 1853 2755 esse
1878 2695 2059 2754 viola·

147 2810 294 2857 tum.
359 2802 455 2855 66.
476 2794 747 2855 Accedat
762 2795 880 2853 huc
898 2793 1152 2852 suavitas
1167 2791 1445 2868 quaedam
1462 2802 1701 2867 oportet
1716 2809 2059 2849 sermonum

147 2907 328 2969 atque
355 2910 608 2957 morum,
629 2888 1087 2963 haudquaquam
1113 2886 1415 2944 mediocre
1444 2884 1889 2943 condimentum
1918 2883 2059 2940 ami·

149 2988 326 3047 citiae.
410 2981 676 3040 Tristitia
711 2993 925 3049 autem,
953 2994 1015 3039 et
1041 2980 1104 3036 in
1129 2980 1293 3038 omni
1316 2999 1383 3037 re
1416 2976 1719 3045 severitas.
1747 2977 1931 3034 habet
1956 2976 2063 3033 illa

149 3082 400 3161 quidem
433 3075 817 3155 gravitatem3
859 3074 966 3133 sed
995 3074 1254 3133 amicitia
1280 3072 1582 3131 remissior
1608 3090 1744 3129 esse
1773 3068 1972 3139 debet,
2000 3081 2064 3129 et

147 3176 410 3243 liberior,
433 3185 496 3231 et
516 3168 770 3238 dulcior,
793 3179 854 3225 et
879 3166 954 3225 ad
975 3187 1214 3225 omnem
1239 3166 1583 3225 comitatem
1605 3164 2062 3242 facilitatemque

149 3270 486 3354 proclivior.

234 3460 410 3521 XIX.
445 3463 543 3518 67.
580 3453 838 3515 Exsistit
855 3466 1058 3513 autem
1079 3451 1196 3511 hoc
1215 3452 1349 3511 loco
1366 3450 1642 3528 quaedam
1660 3451 1913 3530 quaestio
1932 3448 2069 3509 sub-

155 3548 442 3619 difficilis:
485 3573 627 3613 num
647 3550 886 3630 quando
909 3548 1084 3610 amici
1105 3548 1258 3618 novi,
1284 3547 1451 3625 digni
1472 3547 1747 3618 amicitia,
1764 3545 2071 3606 veteribus

155 3657 278 3717 sint
303 3647 723 3731 anteponendi,
745 3658 813 3707 ut
837 3646 1007 3724 equis
1028 3644 1246 3704 vetulis
1276 3655 1514 3703 teneros
1533 3654 1895 3720 anteponere
1922 3640 2071 3697 sole-

157 3771 291 3812 mus
301 3745 670 3824 ‘l—Indigna
683 3742 924 3803 homine
939 3739 1260 3801 dubitatio!
1334 3738 1481 3798 Non
1497 3736 1659 3797 enim
1676 3734 2073 3797 amicitiarum

1048 3834 1182 3897 02

687 3994 715 4013 D
