2525 4409
441 350 536 408 ’66
999 361 1067 404 u.
1099 361 1159 403 τ.
1192 359 1521 403 clcsaoms
1558 359 1822 413 Lamus,

451 494 734 564 Romani,
771 514 889 553 non
931 492 1209 554 comitem
1253 491 1503 552 diceres.
1602 491 1727 550 Sed
1763 492 2030 563 affuistis,
2064 505 2126 552 et
2170 508 2269 554 est
2310 497 2371 555 in

453 589 726 648 manibus
771 589 978 660 oratio.
1061 589 1271 664 Itaque
1310 588 1413 645 lex
1456 587 1764 665 popularis
1808 589 2105 666 suffragiis
2147 593 2372 669 populi

450 684 764 762 repudiata
797 697 903 743 est.
982 684 1200 759 Atque,
1228 696 1299 741 ut
1332 683 1407 741 ad
1442 704 1539 741 me
1576 683 1843 752 redeam,
1874 687 2253 756 meministis,
2288 689 2369 760 Q.

455 781 742 849 MaximO,
763 780 942 839 fratre
971 780 1284 860 scipionia,
1312 793 1375 839 et
1397 781 1472 839 L.
1492 780 1771 838 Mancino
1798 781 2161 850 consulibua,
2180 804 2368 860 quam

449 876 756 954 popularis
787 877 888 933 lex
921 875 999 933 de
1041 875 1393 934 sacerdotiis
1428 875 1500 934 O.
1520 875 1741 935 Licinii
1776 875 1975 934 Crassi
2008 877 2367 936 videbatur:

449 971 750 1049 cooptatio
789 971 952 1028 enim
991 970 1384 1048 collegiorum
1426 971 1505 1029 ad
1538 971 1747 1049 populi
1780 971 2137 1030 beneficium
2174 988 2370 1032 trans-

361 1082 366 1088 ·
447 1065 764 1126 ferebatur.
831 1068 1034 1143 Atque
1057 1065 1108 1122 is
1130 1066 1357 1144 primus
1378 1065 1631 1124 instituit
1651 1067 1711 1123 in
1732 1066 1931 1124 forum
1952 1087 2155 1124 versus
2176 1087 2367 1145 agere

449 1178 582 1216 cum
617 1160 878 1237 populo:
933 1171 1128 1216 tamen
1169 1157 1328 1216 illius
1369 1157 1737 1216 vendibilem
1778 1159 2103 1218 orationem
2145 1161 2368 1238 religio

447 1252 695 1312 deorum
721 1253 1159 1322 immortalium,
1179 1253 1347 1310 nobis
1368 1252 1845 1321 defendentibus,
1868 1254 2043 1312 facile
2064 1255 2365 1314 vincebat.

446 1350 648 1427 Atque
675 1348 737 1406 id
767 1362 963 1410 actum
997 1359 1088 1408 est
1117 1360 1371 1425 praetore
1416 1367 1531 1416 me,
1562 1348 1966 1426 quinquennio
2008 1361 2141 1408 ante
2176 1370 2365 1426 quam

449 1444 654 1504 consul
687 1463 818 1502 sum
851 1445 1061 1503 factus.¹
1157 1442 1366 1519 Itaque
1413 1463 1482 1502 re
1530 1444 1741 1522 magis,
1776 1464 1956 1521 quam
2006 1445 2363 1504 auctoritate

448 1558 624 1598 causa
651 1538 757 1596 illa
781 1537 1026 1598 defensa
1051 1549 1156 1596 est.

527 1730 766 1789 XXVI.
807 1735 902 1788 97.
939 1729 1126 1801 Quod
1159 1729 1210 1787 si
1241 1729 1304 1786 in
1348 1749 1547 1798 scena,
1591 1729 1655 1787 id
1698 1743 1803 1799 est,
1848 1729 1909 1788 in
1954 1730 2267 1801 concione,
2302 1731 2362 1789 in

449 1845 568 1901 qua
607 1826 788 1882 rebus
829 1824 984 1882 fictis
1017 1838 1080 1882 et
1115 1825 1473 1884 adumbratis
1506 1825 1625 1883 loci
1660 1825 1977 1903 plurimum
2020 1840 2129 1894 est,
2156 1839 2361 1885 tamen

443 1939 660 1977 :rerum
699 1921 877 1990 valet,
916 1920 966 1977 si
1005 1919 1184 1978 modo
1221 1920 1287 1978 id
1324 1921 1688 2000 patefactum
1730 1935 1793 1979 et
1829 1921 2186 1980 illustratum
2238 1937 2359 1993 est;

451 2015 596 2093 quid
625 2015 686 2073 in
719 2015 982 2074 amicitia
1011 2015 1142 2073 fieri
1171 2029 1424 2094 oportet,
1452 2037 1585 2094 quae
1614 2028 1737 2076 tota
1764 2017 2011 2076 veritate
2041 2017 2361 2095 perpendi·

447 2113 586 2171 tur‘l
627 2111 688 2168 in
717 2131 836 2188 qua
861 2111 992 2181 nisi,
1021 2123 1087 2170 ut
1115 2111 1346 2179 dicitur,
1376 2124 1651 2189 apertum
1678 2125 1888 2190 pectus
1916 2111 2137 2181 videas,
2166 2126 2360 2172 tuum-

447 2228 568 2285 que
615 2206 900 2274 ostendas,
935 2206 1080 2265 nihil
1117 2207 1321 2276 fidum,
1355 2207 1505 2264 nihil
1546 2209 1919 2285 exploratum
1958 2208 2224 2278 habeas3
2286 2229 2361 2266 ne

448 2322 648 2360 amare
678 2302 934 2380 quidem,
960 2316 1062 2361 aut
1088 2302 1292 2370 amari,
1316 2322 1473 2372 cum,
1495 2301 1556 2360 id
1581 2322 1759 2379 quam
1786 2323 1927 2360 vere
1954 2302 2077 2370 fiat,
2100 2303 2359 2380 ignores,

448 2396 832 2473 Quamquam
861 2399 974 2456 ista
1007 2397 1619 2474 assentati0,quamvis
1652 2398 1983 2474 perniciosa
2014 2399 2109 2468 sit,
2137 2417 2361 2458 nocere

445 2502 647 2548 tamen
687 2492 910 2549 nemini
953 2504 1166 2570 potest,
1199 2491 1317 2550 nisi
1358 2491 1435 2562 ei,
1471 2492 1575 2569 qui
1618 2511 1755 2551 eam
1796 2493 2024 2571 recipit,
2060 2507 2245 2571 atque
2286 2515 2361 2553 ea

448 2583 793 2642 delectatur.
873 2586 966 2644 Ita
1004 2586 1087 2656 fit,
1121 2599 1186 2644 ut
1225 2587 1275 2644 is
1322 2587 1780 2660 assentatoribus
1821 2589 2144 2665 patefaciat
2188 2611 2361 2648 aures

447 2698 584 2737 suas
613 2680 892 2750 maxime,
923 2682 1027 2758 qui
1057 2681 1186 2760 ipse
1219 2682 1333 2741 sibi
1362 2696 1709 2752 assentetur,
1740 2695 1801 2742 et
1832 2705 1900 2743 se
1936 2685 2198 2742 maxime
2226 2686 2357 2763 ipse

447 2772 718 2833 delectet.
801 2781 896 2834 98.
930 2776 1188 2834 Omnino
1218 2790 1313 2836 est
1340 2797 1541 2836 amans
1567 2777 1658 2835 sui
1678 2779 1901 2849 virtus;
1940 2779 2165 2858 optime
2198 2781 2359 2838 enim

443 2893 512 2932 se
538 2872 670 2950 ipsa
695 2873 874 2942 novit,
905 2893 1200 2950 quamque
1237 2874 1505 2932 amabilis
1538 2873 1627 2942 sit,
1656 2875 1965 2954 intelligit:
2010 2895 2127 2952 ego
2152 2891 2355 2934 autem

444 2988 563 3027 non
585 2965 662 3026 de
683 2969 902 3026 virtute
929 2989 1082 3026 nunc
1107 2968 1334 3046 loquor,
1358 2969 1466 3026 sed
1490 2968 1567 3027 de
1589 2970 1822 3028 virtutis
1850 2970 2148 3048 opinione.
2220 2972 2355 3030 Vir-

441 3074 565 3122 tute
607 3064 766 3124 enim
800 3063 931 3142 ipsa
969 3083 1088 3122 non
1131 3076 1251 3120 tam
1294 3064 1459 3120 multi
1493 3064 1727 3142 praediti
1768 3085 1921 3136 esse,
1950 3088 2129 3144 quam
2164 3069 2356 3126 videri

443 3160 666 3218 volunt.
749 3160 886 3218 Hos
920 3159 1180 3218 delectat
1229 3160 1583 3230 assentati03
1638 3162 1729 3219 his
1765 3162 1937 3220 fictus
1980 3162 2057 3222 ad
2089 3164 2355 3242 ipsorum

442 3253 808 3311 voluntatem
837 3275 1034 3313 sermo
1065 3276 1198 3313 cum
1227 3253 1560 3324 adhibetur,
1584 3257 1915 3316 orationem
1938 3259 2099 3316 illam
2120 3279 2354 3328 vanam,

445 3346 846 3404 testimonium
883 3369 1014 3406 esse
1041 3349 1287 3408 laudum
1322 3371 1562 3408 suarum
1590 3365 1818 3432 putant.
1905 3354 2095 3412 Nulla
2128 3368 2221 3412 est
2246 3355 2353 3432 igi·

443 3454 542 3500 tur
567 3441 696 3500 haec
731 3442 1002 3512 amicitia,
1032 3465 1168 3507 cum
1204 3447 1355 3504 alter
1386 3467 1594 3506 verum
1630 3449 1839 3508 audire
1873 3471 1997 3508 non
2030 3452 2179 3520 vult,
2208 3452 2358 3510 alter

443 3537 516 3598 ad
546 3536 954 3597 mentiendum
981 3553 1226 3617 paratus
1261 3554 1370 3600 est.
1453 3543 1590 3602 Nec
1616 3545 2007 3622 parasitorum
2036 3545 2099 3603 in
2134 3566 2356 3605 comoe-

442 3633 559 3723 diis
599 3633 915 3695 assentatio
955 3635 1128 3694 nobis
1164 3635 1360 3696 faceta
1391 3637 1720 3711 videretur,
1748 3639 1864 3699 nisi
1900 3653 2098 3700 essent
2138 3641 2358 3702 milites

441 3730 702 3805 gloriosi.
