2525 4409
654 383 1161 430 arricum—cu.
1186 387 1342 440 κει,
1363 385 1470 430 xx.
1902 375 1932 433 1
1945 373 2022 434 17

119 514 225 573 hic
252 527 557 576 contentus
590 516 801 574 ordine
832 517 1111 594 equestri,
1138 538 1260 594 quo
1293 529 1424 578 erat
1455 529 1640 588 ortus,
1669 517 1732 578 in
1773 519 2022 582 affinita-

114 621 241 668 tem
261 611 533 689 p‘erveuit
558 611 935 691 imperatoris
962 611 1084 670 divi
1112 613 1251 670 filii:
1289 635 1468 691 quum
1488 615 1619 694 jam
1645 628 1784 674 ante
1803 616 2020 676 famili-

114 705 384 765 aritatem
404 701 535 786 ejus
556 720 716 766 esset
736 721 1093 769 consecutus
1106 710 1274 768 nulla
1287 711 1406 769 alia
1419 729 1506 781 re,
1524 730 1701 787 quam
1719 712 2019 791 elegantia

105 800 271 872 vitae,
290 823 409 878 qua
432 815 666 862 ceteros
690 816 933 881 ceperat
954 803 1252 882 principes
1273 804 1540 877 civitatis,
1559 806 1845 885 dignitate
1864 808 2013 887 pari,

102 894 357 956 fortuna-
378 897 707 956 humiliore.
792 897 987 958 Tanta
1011 899 1172 958 enim
1198 901 1564 979 prosperitas
1591 902 1894 964 Cauarum
1923 916 2016 963 est

102 1004 447 1062 consecuta,
474 1005 543 1051 ut
572 992 719 1052 nihil
744 993 803 1052 ei
828 1012 948 1052 nou
978 991 1245 1052 tribuerit
1269 993 1522 1066 fortuna,
1549 995 1711 1074 quod
1737 998 2012 1076 cuiquam

101 1098 255 1146 ante
287 1087 585 1159 detulerit,
614 1101 677 1146 et
706 1088 1055 1158 conciliarit,
1082 1088 1244 1166 quod
1275 1109 1457 1148 nemo
1489 1091 1682 1150 adhuc
1715 1093 1860 1152 civis
1887 1093 2008 1153 Ro-

97 1199 321 1241 manus
348 1181 535 1259 quivit
561 1183 858 1260 consequi.
936 1182 1100 1241 Nata
1128 1195 1223 1242 est
1254 1197 1457 1244 autem
1484 1186 1688 1245 Attico
1712 1188 1908 1266 neptis
1933 1209 2013 1248 ex

95 1276 404 1356 Agrippa,
426 1278 525 1336 cui
544 1277 835 1355 virginem
854 1277 1036 1336 filiam
1062 1279 1395 1337 collocarat.
1476 1279 1655 1338 Hanc
1675 1281 1897 1351 Caesar,
1911 1283 2015 1341 vix

96 1373 466 1442 anniculam,
496 1371 749 1431 Tiberio
792 1369 1051 1431 Claudio
1092 1372 1344 1442 Neroni,
1380 1373 1650 1432 Drusilla
1693 1387 1853 1444 nato,
1896 1376 2014 1454 pri·

94 1468 288 1544 vi‘guo
319 1476 450 1537 su'o,
478 1465 825 1545 despondit:
866 1487 997 1544 quaa
1024 1459 1363 1545 conjunctio
1387 1468 1886 1528 necessitudinem
1913 1489 2018 1529 eo-

94 1581 239 1620 rum
266 1561 481 1631 sanxit,
504 1561 968 1622 familiaritatem
992 1561 1258 1621 reddidit
1281 1562 1770 1641 frequentiorem.

184 1753 330 1814 XX.
372 1752 665 1824 Quamvis
694 1763 827 1825 aute
854 1754 981 1812 boec
1012 1753 1314 1833 sponsalia
1337 1774 1456 1812 non
1490 1755 1699 1824 solum,
1727 1774 1906 1832 quum
1935 1756 2012 1814 ab

99 1850 261 1908 urbe
276 1849 523 1918 abesset,
538 1867 844 1926 nunquam
862 1846 935 1906 ad
950 1866 1193 1907 suorum
1210 1869 1567 1926 quemquam
1584 1849 1810 1908 litteras
1830 1851 2009 1922 misit,

102 1943 255 2022 quin
287 1943 487 2001 Attico
515 1935 797 2014 mitteret,
819 1941 963 2020 >quid
998 1956 1223 2022 ageret,
1250 1944 1562 2023 imprimis,
1589 1945 1732 2023 q'uid
1758 1947 2008 2023 legeret,

100 2039 441 2116 quibusque
488 2038 549 2096 in
596 2038 757 2106 locis,
792 2050 853 2095 et
898 2055 1077 2114 quam
1115 2037 1222 2094 diu
1271 2051 1428 2096 esset
1473 2051 1845 2098 moratur-use
1901 2039 2010 2098 sed

100 2132 307 2203 etiam,
335 2151 519 2212 quum
552 2144 712 2190 esset
736 2131 801 2189 in
826 2131 992 2200 urbe,
1021 2141 1083 2188 et
1108 2143 1351 2208 propter
1383 2151 1522 2189 suas
1552 2131 1806 2189 infinitas
1841 2152 2011 2190 occu·

98 2227 381 2308 pationes
409 2227 605 2286 minus
630 2245 812 2304 saepe,
834 2229 1013 2302 quam
1032 2224 1235 2294 vellet,
1256 2225 1464 2282 Attico
1483 2223 1793 2294 frueretur,
1811 2227 2012 2284 nullus

101 2323 239 2404 dies
268 2335 498 2380 temere
530 2321 885 2391 intercessit,
910 2339 1029 2398 quo
1062 2339 1180 2378 non
1212 2319 1290 2378 ad
1321 2339 1464 2380 eum
1493 2319 1798 2389 scriberet,
1827 2339 2012 2397 quum

98 2417 289 2478 modo
332 2416 554 2494 aliquid
588 2415 668 2474 de
708 2416 1059 2494 antiquitate
1092 2415 1171 2474 ab
1200 2435 1279 2474 eo
1307 2414 1658 2494 requireret,
1685 2414 1864 2474 modo
1909 2415 2012 2474 ali-

100 2531 291 2589 quam
330 2512 389 2570 ei
429 2512 814 2588 quaestionem
852 2511 1149 2592 poeticam
1181 2501 1563 2598 proponeret,
1589 2509 1888 2570 interdum
1917 2510 2011 2590 jo-

103 2626 251 2666 cans
280 2607 407 2684 ejus
434 2607 803 2666 verbosiores
834 2608 1081 2666 eliceret
1114 2607 1416 2685 epistolas.
1498 2606 1601 2665 Ex
1627 2627 1742 2684 quo
1771 2606 2007 2678 accidit,

104 2721 295 2779 quum
306 2699 471 2759 oedes
495 2701 539 2759 J
540 2701 663 2761 ovis
690 2701 967 2771 Feretrii,
988 2701 1050 2758 in
1072 2701 1378 2780 Capitolio
1405 2701 1482 2760 ab
1503 2702 1764 2761 Romulo
1791 2702 2006 2760 consti-

101 2807 258 2866 tuta‚
277 2801 565 2856 vetustate
588 2810 767 2874 atque
784 2795 1019 2854 incuria
1041 2795 1277 2854 detecte.
1295 2796 1721 2872 prolaberetur,
1741 2807 1808 2853 ut
1823 2796 2010 2853 Attici

104 2879 429 2950 admonitu·
448 2891 657 2950 Coesar
693 2899 828 2948 eam
866 2889 1252 2948 reficiendam
1287 2901 1538 2947 curaret.
1617 2888 1840 2964 Neque
1869 2907 2010 2946 vero

107 2987 187 3045 ab
215 2985 301 3044 M.
317 2983 587 3044 Antonio
628 2981 821 3038 minus
863 2982 1073 3040 absens
1112 2981 1322 3038 litteris
1362 2979 1700 3039 colebaturt
1743 2980 1920 3049 adeo,
1948 2992 2012 3038 ut
2044 3043 2050 3049 ‚

108 3091 389 3138 accurate
418 3078 521 3134 ille
550 3095 629 3132 ex
656 3074 877 3132 ultimis
906 3074 1095 3142 terris,
1124 3072 1268 3150 quid
1297 3085 1524 3151 ageret,
1543 3073 1688 3149 quid
1717 3093 1873 3131 curae
1899 3073 2014 3131 sibi

104 3175 374 3242 haberet,
398 3169 711 3230 certiorem
736 3166 963 3224 faceret
989 3166 1276 3224 Atticum.
1356 3167 1496 3224 Hoc
1523 3167 1702 3243 quale
1733 3166 1828 3236 sit,
1849 3166 2012 3224 facil-

107 3268 205 3327 ius
234 3265 599 3325 existimabit
625 3264 695 3334 is,
724 3262 825 3341 qui
842 3260 1121 3342 judicare
1146 3260 1382 3340 poterit,
1411 3273 1648 3339 quantae
1676 3261 1752 3322 sit
1779 3261 2012 3342 sapien-

106 3363 231 3432 τίω,
266 3381 473 3420 eorum
511 3359 769 3419 retinere
809 3377 984 3418 usum
1014 3356 1630 3435 benevolentiamque,
1663 3359 1824 3418 inter
1862 3380 2012 3440 quos

108 3457 508 3516 maximarum
546 3475 745 3515 rerum
784 3475 904 3514 non
944 3453 1135 3512 solum
1174 3453 1494 3525 aemulatiO,
1522 3455 1629 3513 sed
1663 3456 2012 3515 obtrectatio

108 3564 278 3612 tauta
316 3550 738 3620 intercedebat,
784 3561 1060 3628 quantam
1100 3548 1214 3608 fuit
1256 3547 1520 3608 incidere
1564 3570 1811 3610 necesse
1859 3551 2016 3608 inter

114 3647 419 3706 Caesarem
440 3660 613 3724 atque
628 3646 974 3716 Antonium,
991 3665 1175 3724 quum
1190 3663 1257 3706 se
1273 3657 1526 3722 uterque
1542 3645 1875 3723 principem
1895 3661 2014 3704 nou

114 3743 309 3802 solum
335 3741 499 3801 urbis
518 3742 825 3811 Romanae,
848 3739 954 3800 sed
978 3740 1137 3800 orbis
1163 3751 1456 3800 terrarum
1481 3758 1614 3800 esse
1639 3749 1904 3818 cuperet.
