2525 4409
599 409 1110 452 arricum—css.
1135 409 1267 462 xv„
1290 407 1442 463 xva,
1464 411 1622 454 xvu.
1946 398 2069 462 115
2094 391 2101 398 ’

145 542 208 600 in
241 541 517 612 nitend0,
545 540 719 619 quod.
733 543 926 600 semel
953 541 1273 612 annuisset,
1301 553 1465 602 tanta
1498 553 1631 600 erat
1662 559 1827 613 cura,
1854 554 1921 601 ut
1944 561 2067 601 non

145 637 517 707 mandatam,
551 635 664 695 sed
706 645 878 696 suam
922 657 1053 696 rem
1096 636 1403 696 videretur
1450 657 1647 715 agere.
1738 638 2066 715 Nunquam

142 733 418 812 suscepti
448 732 676 810 negotii
710 753 851 792 eum
882 745 1205 811 pertaesum
1244 745 1351 790 est.
1431 732 1615 792 Suam
1658 733 1819 792 enim
1860 733 2063 792 existi-

139 829 478 888 mationem
521 828 586 885 in
627 847 700 886 ea
741 846 812 886 re
849 821 948 907 agi
984 827 1267 907 putabat:
1318 848 1439 906 qua
1481 829 1628 886 nihil
1669 829 1931 888 habebat
1966 851 2063 889 ca·

139 926 294 984 rius.
371 924 519 996 Quo
545 923 744 994 fiebat,
771 936 845 982 ut-
867 923 1064 982 omnia
1092 923 1178 983 M.
1201 936 1263 983 et
1290 924 1371 996 Q.
1389 923 1772 995 Ciceronum,
1790 923 2059 997 Catonis,

141 1018 488 1089 Hortensii,
530 1018 678 1076 Auli
723 1018 1031 1095 Torquati,
1077 1020 1402 1078 multorum
1446 1032 1738 1098 praeterea
1790 1021 2062 1098 equitum

141 1116 566 1174 Romanorum
584 1113 826 1192 negotia
843 1125 1205 1192 procuraret.
1269 1113 1371 1172 Ex
1392 1135 1511 1193 quo
1527 1115 1787 1194 judicari
1806 1129 2058 1194 poterat,

141 1230 270 1270 non
297 1210 536 1282 inertia,
565 1209 672 1268 sed
687 1208 924 1287 judicio
942 1209 1168 1288 fugisse
1191 1210 1543 1290 reipublicae
1564 1212 2059 1290 procurationem.

222 1402 414 1461 XVI.
453 1400 860 1460 Humanitatis
891 1421 1036 1462 vero
1067 1403 1298 1462 nullum
1334 1401 1543 1460 afferre
1574 1403 1767 1481 majus
1803 1402 2063 1462 testimo-

139 1499 322 1556 nium
361 1515 625 1575 possum,
665 1516 845 1574 quam
892 1495 1054 1574 quod
1100 1495 1445 1555 adolescens
1490 1495 1654 1555 idem
1699 1496 1833 1554 seni
1877 1497 2061 1556 Sullae

137 1591 340 1651 fuerit
369 1590 858 1670 jucundissimus,
903 1611 1092 1651 senex
1139 1589 1506 1650 adolescenti
1539 1591 1627 1650 M.
1643 1593 1867 1664 Brut03
1923 1613 2061 1652 cum

141 1686 486 1764 aequalibus
519 1699 721 1744 autem
753 1687 900 1757 suis,
940 1687 1021 1759 Q.
1049 1683 1383 1747 Hortensio
1416 1699 1477 1746 et
1515 1685 1599 1748 M.
1627 1687 1937 1758 Cicerone,
1976 1689 2063 1747 sic

137 1781 385 1852 vixerit,
413 1793 479 1839 ut
493 1780 770 1858 judicare
799 1781 1039 1840 difficile
1065 1781 1158 1851 sit,
1182 1782 1281 1841 cui
1307 1782 1467 1842 aetati
1494 1781 1675 1842 fuerit
1704 1781 2059 1862 aptissimus.

142 1879 545 1955 Quamquam
566 1897 705 1936 eum
726 1877 1032 1957 praecipue
1053 1877 1269 1937 dilexit
1288 1877 1525 1950 Cicero,
1544 1891 1611 1938 ut
1631 1899 1708 1938 ne
1729 1878 1913 1938 frater
1932 1879 2059 1957 qui·

141 1975 292 2032 dem
322 1973 382 2032 ei
410 1972 672 2044 Quintus
704 1972 900 2031 carior
925 1973 1103 2032 fuerit
1127 1986 1231 2032 aut
1254 1973 1615 2034 familiarior.
1696 1975 1778 2034 Ei
1805 1976 1895 2035 rei
1923 1988 2061 2034 sunt

139 2069 390 2139 indicio,
423 2079 640 2146 praeter
679 2087 782 2125 eos
812 2066 1014 2138 libros,
1047 2067 1109 2126 in
1144 2069 1359 2146 quibus
1400 2068 1481 2128 de
1520 2088 1595 2126 eo
1632 2069 1775 2127 facit
1811 2071 2060 2128 mentio-

138 2183 315 2233 nem,
342 2162 444 2240 qui
470 2159 534 2220 in
568 2163 778 2240 vulgus
818 2174 956 2221 sunt
987 2162 1149 2234 editi,
1180 2162 1487 2222 sexdecim
1517 2163 1817 2221 volumina
1847 2163 2061 2241 episto-

137 2260 367 2328 larum,
397 2257 473 2316 ab
501 2258 808 2316 consulatu
841 2257 972 2336 ejus
1005 2277 1198 2336 usque
1237 2256 1315 2314 ad
1348 2268 1682 2315 extremum
1714 2269 1951 2335 tempus
1986 2257 2063 2315 ad

139 2353 421 2414 Atticum
445 2351 790 2410 missarum:
835 2373 970 2429 quae
997 2351 1100 2429 qui
1128 2352 1307 2430 legat,
1334 2370 1453 2408 non
1482 2352 1735 2409 multum
1763 2349 2063 2411 desideret

137 2447 464 2507 historiam
491 2458 826 2506 contextam
845 2447 1088 2505 illorum
1115 2457 1470 2526 temporum.
1551 2446 1655 2506 Sic
1680 2446 1843 2506 enim
1864 2448 2062 2507 omnia

144 2543 230 2601 de
274 2541 486 2599 studiis
517 2537 878 2621 principum,
905 2541 1064 2600 vitiis
1093 2540 1332 2613 ducum,
1360 2541 1783 2602 mutationibus
1823 2543 2060 2622 reipub-

141 2631 290 2695 liizae
316 2635 650 2714 perscripta
676 2647 830 2707 sunt,
857 2649 923 2693 ut
949 2635 1096 2693 nihil
1121 2636 1182 2694 in
1209 2637 1285 2694 iis
1310 2657 1430 2695 non
1458 2651 1767 2716 appareat,
1796 2651 1857 2697 et
1881 2639 2060 2697 facile

146 2729 487 2789 existimari
512 2730 716 2808 possit,
739 2729 1117 2808 prudentiam
1137 2730 1573 2810 quodammodo
1600 2753 1735 2792 esse
1755 2732 2060 2791 divinatio-

143 2845 311 2882 nem.
393 2824 540 2883 Non
579 2825 742 2882 enim
776 2825 992 2884 Cicero
1031 2845 1106 2884 ea
1145 2827 1356 2896 solum,
1385 2847 1519 2903 quae
1549 2827 1685 2884 vivo
1726 2845 1793 2884 se
1828 2825 2059 2884 accide-

145 2931 312 2989 runt,
337 2918 539 2978 fistura
576 2919 872 2998 praedixit,
905 2919 1016 2980 sed
1047 2920 1244 2990 etiam,
1274 2940 1407 2996 quae
1444 2939 1603 2978 nunc
1641 2937 1755 2976 usu
1793 2918 2060 2988 veniunt,

147 3014 387 3085 cecinit,
415 3027 482 3074 ut
507 3027 693 3075 vates.
1542 3031 1545 3034 ’

228 3206 445 3265 XVII.
485 3207 588 3267 De
619 3207 844 3286 pietate
877 3220 1080 3268 autem
1106 3203 1295 3264 Attici
1324 3203 1467 3282 quid
1500 3205 1675 3283 plura
1708 3221 2060 3263 commemo-

143 3301 324 3361 rem'l
356 3321 542 3379 quum
558 3303 674 3361 hoc
694 3303 892 3382 ipsum
912 3321 1056 3363 vere
1077 3299 1431 3380 gloriantem
1451 3299 1745 3359 audierim
1766 3299 1827 3357 in
1850 3299 2061 3362 fimere

144 3397 357 3456 matris
384 3416 528 3466 suae,
557 3416 734 3475 quam
761 3391 982 3456 extulit
1009 3415 1303 3456 annorum
1327 3395 1663 3476 nonaginta,
1692 3417 1872 3475 quum
1906 3410 2063 3458 esset

145 3503 389 3570 septem
422 3501 484 3550 et
515 3492 847 3570 sexaginta,
876 3511 940 3551 se
971 3511 1278 3570 nunquam
1312 3511 1447 3551 cum
1481 3505 1675 3552 matre
1709 3493 1771 3551 in
1811 3493 2061 3571 gratiam

143 3586 406 3656 redisse,
440 3603 748 3664 nunquam
788 3607 925 3647 cum
965 3607 1172 3647 sorore
1211 3587 1393 3646 fuisse
1432 3587 1496 3646 in
1538 3589 1855 3655 simultate,
1882 3605 2061 3660 quam

143 3701 342 3761 prope
382 3682 680 3759 aequalem
711 3683 986 3743 habebat.
1067 3682 1252 3755 Quod
1284 3695 1376 3742 est
1415 3681 1665 3760 signum,
1694 3691 1797 3738 aut
1834 3679 2062 3737 nullam

146 3796 415 3854 unquam
443 3776 598 3838 inter
630 3797 735 3838 eos
761 3779 1195 3856 querimoniam
1222 3777 1641 3845 intercessisse,
1672 3785 1773 3832 aut
1795 3773 1953 3831 hunc
1987 3792 2063 3831 ea
