2525 4409
590 381 882 428 sommm
917 383 1467 430 semotim—cn.
1494 387 1627 441 v11.‚
1652 387 1789 431 vm.
2060 371 2142 433 99

185 499 198 506 “
227 525 455 590 untur:
497 533 638 572 cum
683 526 882 574 autem
925 515 1004 576 ad
1034 515 1212 586 idem,
1237 517 1399 576 unde
1440 519 1629 578 semel
1673 518 1943 598 profecta
1984 531 2143 590 sunt,

225 622 452 668 cuncta
485 622 646 668 astra
674 609 982 680 redierint,
1009 611 1385 689 eandemque
1412 613 1593 672 totius
1626 614 1764 672 coeli
1793 613 2141 692 descriptio-

223 725 374 762 nem
400 705 594 782 longis
620 704 944 763 intervallis
969 707 1295 776 retulerint,
1316 719 1447 765 tum
1474 709 1577 766 ille
1603 728 1747 769 vere
1775 721 2013 767 vertens
2042 727 2142 767 an·-

222 819 346 857 nus
374 799 662 878 appellari
684 796 907 878 potest:
945 799 1007 858 in
1029 821 1150 878 quo
1167 801 1273 860 vix
1293 801 1495 862 dicere
1524 803 1741 874 audeo,
1756 823 1935 881 quam
1955 805 2143 864 multa

221 883 788 952 homin'um'secula
813 895 1160 954 teneantur.
1258 895 1559 975 Namque,
1594 911 1661 956 ut
1701 898 1859 966 olim,
1885 898 2141 958 deficere

226 989 325 1046 sol
347 987 684 1046 hominibus
711 988 1129 1068 exstinguique
1155 991 1313 1049 visus
1344 1004 1457 1062 est,
1478 1012 1615 1051 cum
1637 991 2139 1053 Romuli·animus

223 1084 366 1140 haec
383 1083 514 1161 ipsa
531 1083 593 1140 in
611 1085 838 1162 templa
857 1085 1190 1162 penetravit
1207 1108 1222 1156 ;
1259 1085 1343 1144 ita
1362 1086 1716 1165 quandoque
1738 1087 1951 1148 eadem
1970 1101 2140 1167 parte

224 1179 344 1247 sol,
367 1177 703 1256 eodemque
731 1181 1002 1258 tempore
1024 1179 1240 1238 iterum
1263 1179 1570 1251 defecerit,
1592 1194 1720 1240 tum
1746 1182 1931 1260 signis
1958 1182 2141 1241 omni-

223 1273 348 1330 bus
391 1271 469 1330 ad
509 1273 672 1331 idem
713 1273 1092 1352 principium,
1133 1275 1435 1352 stellisque
1479 1276 1789 1346 revocatis,
1832 1277 2142 1354 expletum

225 1387 460 1432 annum
498 1367 754 1426 habeto:
803 1368 982 1446 hujus
1024 1368 1265 1445 quidem
1308 1370 1445 1427 anni
1485 1369 1751 1428 nondum
1791 1369 2143 1448 vigesimam

225 1474 472 1542 partem
513 1461 662 1520 scito
708 1482 842 1521 esse
886 1482 1248 1521 conversam.
1332 1463 1653 1536 Quocirca,
1694 1464 1745 1522 si
1786 1462 2039 1522 reditum
2080 1465 2145 1522 in

221 1559 396 1615 hunc
431 1558 628 1614 locum
671 1556 1096 1636 desperaveris,
1130 1557 1194 1615 in
1227 1578 1347 1636 quo
1396 1559 1595 1617 omnia
1640 1571 1775 1617 sunt
1817 1559 2051 1636 magnis
2084 1571 2146 1618 et

223 1651 644 1731 praestantibus
669 1652 846 1722 viris3
898 1651 1107 1728 quanti
1131 1652 1379 1712 tandem
1412 1665 1505 1712 est
1536 1653 1649 1712 ista
1679 1645 2003 1712 hominum'
2021 1655 2145 1732 glo-

223 1747 343 1815 ria,
372 1765 504 1822 quae
530 1745 832 1824 pertinere
859 1745 964 1804 vix
998 1744 1076 1802 ad
1101 1745 1277 1804 unius
1303 1748 1441 1804 anni
1470 1761 1705 1826 partem
1732 1748 2013 1827 exiguam
2040 1769 2144 1828 po-

221 1851 350 1900 test
364 1840 402 1918 2-
471 1839 663 1918 Igitur
688 1841 808 1898 alte
835 1851 1110 1918 spectare
1139 1840 1190 1899 si
1213 1837 1398 1912 voles,
1427 1845 1605 1919 atque
1631 1843 1785 1901 hanc
1821 1843 2049 1914 sedem,
2080 1855 2145 1904 et

223 1947 522 1994 aeternam
564 1934 810 1992 domum
855 1933 1156 2006 contueri3
1212 1955 1415 2012 neque
1462 1948 1525 1994 te
1566 1937 1937 1996 sermonibus
1978 1939 2145 2017 vulgi

225 2029 494 2100 dederis,
525 2031 640 2089 nec
681 2029 743 2087 in
785 2029 1046 2108 praemiis
1087 2027 1361 2088 humanis
1404 2050 1575 2109 spem
1620 2033 1893 2110 posueris
1938 2053 2144 2090 rerum

223 2138 508 2184 tuarum:
564 2123 686 2182 suis
727 2136 791 2182 te
834 2135 1068 2202 oportet
1106 2123 1413 2182 illecebris
1446 2124 1577 2202 ipsa
1607 2124 1791 2182 virtus
1833 2125 2027 2183 trahat
2072 2125 2147 2183 ad

223 2240 448 2280 verum
487 2219 674 2279 decus
699 2237 732 2278 ε·
763 2217 909 2296 quid
954 2217 1032 2277 de
1077 2231 1140 2276 te
1187 2217 1290 2276 alii
1336 2219 1668 2296 loquantur,
1710 2217 1830 2298 ipsi
1868 2217 2111 2277 videant
2126 2241 2143 2292 3

226 2315 350 2375 sed
383 2315 702 2392 loquentur
745 2326 965 2372 tamen.
1047 2312 1260 2372 Sermo
1308 2325 1505 2372 autem
1555 2313 1746 2372 omnis
1789 2313 1914 2384 ille,
1944 2326 2005 2373 et
2048 2333 2145 2373 an-

229 2409 455 2490 gustiis
487 2409 744 2488 cingitur
775 2408 848 2467 iis
880 2408 1215 2487 regionum,
1243 2428 1393 2487 quas
1419 2407 1605 2480 vides,
1634 2429 1750 2468 nec
1781 2429 2038 2488 unquam
2067 2410 2147 2470 de

227 2506 369 2565 ullo
393 2505 674 2584 perennis
704 2503 834 2574 fuit,
869 2515 930 2561 et
965 2503 1236 2562 obruitur
1265 2503 1572 2564 hominum
1606 2504 1865 2577 interitu,
1898 2518 1963 2565 et
2000 2505 2147 2564 obli-

228 2601 420 2661 vione
452 2597 814 2679 posteritatis
829 2595 1253 2677 exstinguitur.
2139 2611 2149 2616 “

319 2791 505 2850 VIII.
540 2791 700 2864 Quae
719 2811 857 2850 cum
880 2788 1142 2862 dixisset,
1159 2791 1299 2871 Ego
1315 2811 1480 2864 vero,
1494 2793 1755 2870 inquam,
1772 2792 1829 2850 Ο
1844 2792 2146 2862 Africano,

235 2888 292 2947 si
320 2885 570 2964 quidem
594 2887 752 2945 bene
779 2885 1006 2946 meritis
1035 2886 1112 2946 de
1140 2887 1528 2966 patriaquasi
1554 2886 1726 2944 limes
1756 2884 1831 2943 ad
1860 2887 1997 2942 coeli
2026 2886 2149 2942 adi-

234 2995 374 3040 tum
392 2993 573 3059 patet,
593 3001 953 3059 quamquam
981 3001 1016 3040 a
1035 2981 1297 3061 pueritia
1316 2980 1578 3058 vestigiis
1600 2980 1895 3056 ingressus
1922 2978 2147 3056 patriis,

239 3088 308 3135 et
339 3076 479 3146 tuis,
506 3075 709 3134 decori
734 3089 954 3136 vestro·
971 3097 1093 3134 non
1126 3075 1323 3147 defui3
1366 3095 1528 3132 nunc
1558 3085 1777 3142 tamen,
1806 3084 1967 3131 tanto
2000 3093 2149 3150 prae-

235 3169 368 3229 mio
391 3171 710 3249 proposito,
739 3173 930 3230 enitar
962 3172 1156 3228 multo
1181 3169 1538 3246 vigilantius.
1618 3169 1701 3226 Et
1727 3167 1851 3238 ille,
1884 3168 1980 3226 Tu
2008 3187 2151 3227 vero

239 3264 493 3332 enitere,
523 3277 584 3323 et
621 3261 722 3324 sic'
738 3265 974 3334 habeto,
1001 3283 1122 3322 non
1163 3281 1295 3320 esse
1335 3275 1395 3320 te
1434 3264 1765 3334 mortalem,
1792 3263 1901 3322 sed
1935 3269 2149 3343 corpus

234 3360 374 3418 hoc.
472 3359 612 3418 Nec
659 3354 820 3418 enim
867 3372 953 3418 tu·
981 3377 1064 3426 es,
1106 3376 1287 3435 quem
1332 3355 1523 3415 forma
1566 3357 1677 3417 ista
1720 3358 2001 3430 declarat,
2044 3358 2151 3418 sed

237 3473 418 3514 mens
450 3448 736 3532 cujusque
768 3454 822 3512 is
855 3466 946 3512 est
987 3452 1262 3531 quisque,
1296 3471 1417 3509 non
1450 3472 1525 3510 ea
1561 3453 1768 3532 figura,
1798 3475 1931 3531 quae
1966 3452 2153 3530 digito

241 3549 641 3608 demonstrari
660 3560 876 3628 potest:
957 3549 1162 3606 Deum
1181 3558 1244 3604 te
1263 3545 1449 3624 igitur
1472 3547 1619 3606 scito
1638 3569 1773 3606 esse
1786 3571 1803 3606 t
1838 3548 1890 3605 si
1910 3545 2153 3623 quidem

242 3637 412 3702 deus·
431 3655 542 3714 est,
578 3643 680 3721 qui
705 3644 902 3722 viget,-
916 3643 1016 3720 qui
1048 3641 1246 3713 sentit,
1274 3641 1377 3719 qui
1414 3642 1697 3712 meminit,
1726 3641 1831 3718 qui
1860 3639 2153 3719 providet,

242 3737 352 3818 qui
375 3751 500 3800 tam
533 3733 708 3818 regit,
737 3751 798 3799 et
824 3737 1181 3810 moderatur,
1209 3748 1271 3796 et
1302 3748 1501 3797 movet
1526 3735 1587 3794 id
1614 3755 1851 3814 corpus,
1880 3733 1977 3796 cui
2004 3753 2155 3813 prae-
