2525 4409
723 377 1233 428 arricum—cst.
1256 379 1390 432 vu„
1415 379 1549 422 vm.
1973 369 2092 429 los

188 512 423 574 fuerent
462 511 541 572 ad
574 509 937 592 Pompeium
978 511 1510 593 proficiscentibus,
1543 512 1743 575 omnis
1773 533 1854 574 ex
1887 531 1996 576 sus
2026 536 2096 578 re

189 607 459 668 familiari
500 607 681 667 dedit.
763 608 976 688 Ipsum
1022 608 1382 687 Pompeium
1428 609 1806 688 conjunctum
1851 629 1970 670 non
2010 611 2096 672 of·

188 703 409 777 fendit3
456 705 715 783 (nullum
757 704 831 762 ab
874 724 947 762 eo
984 702 1245 762 habebat
1285 704 1742 780 ornamentum)
1785 717 1852 763 ut
1893 706 2096 778 ceteri,

182 797 291 874 qui
325 817 437 874 per
478 816 617 866 eum
666 809 769 856 aut
800 796 1073 862 honores,
1100 806 1207 854 aut
1240 793 1472 852 divitias
1515 807 1812 873 ceperant,
1840 815 2094 871 quorum

176 893 403 970 partim
434 891 767 951 invitissimi
801 903 995 953 cestra.
1026 901 1166 948 sunt
1194 889 1401 960 secuti,
1436 889 1656 968 partim
1687 909 1920 949 summa.
1953 909 2092 950 cum

179 985 317 1064 ejus
362 987 686 1046 offensione
730 985 896 1044 domi
942 996 1370 1044 remansenmt.
1451 984 1638 1048 Attici
1679 997 1880 1044 autem
1919 984 2090 1063 quies

175 1093 493 1160 tantopere
518 1081 743 1140 Oaesari
764 1081 875 1140 fuit
902 1091 1089 1159 grate,
1110 1091 1193 1150 ut,
1215 1079 1404 1137 victor
1431 1099 1610 1156 quum
1638 1079 1882 1158 privatis
1911 1099 2091 1158 pecu-

172 1174 313 1232 nias
334 1195 447 1252 per
474 1175 751 1254 epistolas
771 1175 1109 1254 imperaret,
1131 1173 1272 1232 huic
1293 1194 1414 1232 non
1443 1175 1640 1232 solum
1659 1175 1945 1232 molestus
1971 1193 2091 1232 non

171 1269 383 1338 fuerit,
410 1269 517 1326 sed
549 1269 730 1328 etiam
759 1269 979 1328 sororis
1006 1269 1203 1334 filium.
1226 1280 1290 1326 et
1317 1268 1397 1340 Q.
1415 1268 1776 1330 Ciceronem
1803 1287 1882 1324 ex
1909 1267 2090 1326 Pom-

170 1363 315 1444 peii
350 1363 556 1423 castris
598 1364 973 1424 concesserit.
1054 1364 1157 1422 Sic
1184 1376 1387 1424 vetere
1426 1363 1694 1422 instituto
1719 1363 1856 1424 vitae
1885 1363 2094 1442 effugit

171 1477 341 1518 nova.
366 1458 658 1537 pericula.

262 1648 442 1706 VIII.
498 1647 789 1707 Secutum
826 1659 922 1708 est
971 1648 1141 1718 illud,
1198 1647 1402 1708 occiso
1441 1647 1700 1718 Caesare,
1739 1667 1924 1724 quum
1971 1667 2092 1708 res-

178 1743 433 1822 publica
454 1761 653 1822 «penes
694 1744 914 1802 Brutos
939 1743 1245 1804 videretur
1285 1763 1418 1802 esse
1455 1755 1519 1815 et
1551 1743 1826 1802 Cassium
1861 1762 1930 1804 ac
1969 1756 2094 1804 tota

178 1837 391 1898 civitas
420 1857 488 1896 se
516 1837 593 1896 ad
642 1858 749 1908 eos
792 1839 1210 1899 convertisset:
1247 1837 1338 1896 sic
1367 1838 1452 1896 M.
1483 1839 1672 1898 Bruto
1711 1859 1854 1898 usus
1888 1851 1996 1909 est,
2025 1851 2091 1900 ut

176 1933 351 1990 nullo·
377 1931 479 1990 ille
520 1932 867 2002 adolescens
904 1933 1124 2011 aequali
1154 1932 1520 2005 familiarius,
1549 1955 1730 2013 quam
1771 1935 1884 1992 hoc
1923 1955 2087 2004 sene,

176 2047 381 2104 neque
408 2027 599 2086 solum
628 2047 765 2086 eum
792 2027 1125 2106 principem
1152 2027 1386 2086 consilii
1404 2029 1799 2098 haberetsssed
1821 2029 2002 2088 etiam
2026 2029 2090 2088 in

181 2122 477 2182 convictu.
576 2122 999 2198 Excogitatum
1046 2133 1139 2178 est
1184 2140 1219 2178 a
1267 2121 1640 2198 quibusdam,
1681 2129 1759 2178 ut'
1797 2122 2090 2200 privatum
2125 2126 2132 2131 “

178 2217 461 2276 aerarium
509 2216 765 2289 Caesaris
800 2214 1288 2286 ⁸interfectoribus
1342 2215 1418 2272 ab
1471 2214 1772 2290 equitibus
1809 2214 2102 2274 Romanis

182 2292 662 2382 constitueretur.
742 2309 820 2368 Id
846 2309 1023 2368 facile
1062 2308 1221 2368 effici
1254 2329 1434 2388 posse
1465 2307 1730 2368 arbitrati
1761 2320 1920 2380 sunt,
1945 2307 1997 2366 si
2031 2321 2094 2368 et

180 2408 489 2489 principes
506 2407 665 2466 illius
692 2407 916 2467 ordinis
945 2407 1231 2487 pecunius
1258 2407 1663 2468 contulissent.
1745 2406 1956 2486 Itaque
1985 2427 2089 2487 up·

180 2505 443 2584 peilatus
484 2516 585 2576 est⁸
616 2524 655 2564 a
687 2504 759 2564 C.
774 2504 1005 2575 Flavio,
1035 2504 1207 2563 Bruti
1240 2503 1536 2575 familiari,
1567 2503 1820 2574 Atticus,
1849 2515 1916 2562 ut
1957 2503 2090 2582 ejus

179 2601 274 2663 rei
300 2599 583 2678 princeps
624 2619 757 2666 esse
784 2599 979 2660 vellet.
1057 2601 1141 2660 At
1168 2601 1292 2671 ille,
1322 2599 1434 2678 qui·
1451 2599 1648 2660 officia
1689 2598 1896 2660 amicis
1936 2619 2089 2678 prae-

180 2693 392 2760 standa
427 2694 556 2754 sine
588 2696 845 2756 factione
876 2695 1258 2766 existimaret,
1295 2717 1660 2775 semperque
1693 2717 1732 2764 e
1763 2697 1982 2756 talibus
2021 2715 2088 2754 se

182 2789 439 2850 consiliis
482 2791 845 2860 removisset,
886 2792 1233 2869 respondit:
1294 2792 1346 2849 si
1389 2792 1534 2867 quid
1571 2791 1794 2856 Brutus
1841 2785 1932 2850 de'
1967 2791 2090 2849 suis

179 2884 557 2944 facultatibus
577 2884 665 2942 uti
683 2884 980 2953 voluisset,
996 2903 1261 2953 usurum,
1285 2897 1576 2960 quantum
1597 2884 1692 2940 hae
1713 2895 2086 2959 paterentur-5

180 2999 246 3038 se
272 2999 469 3056 neque
493 2996 631 3034 cum
650 2993 951 3053 quoquam
970 2975 1051 3034 de
1076 2997 1153 3036 es
1178 2996 1247 3034 re
1273 2977 1730 3044 collocuturum,
1751 2995 1948 3052 neque
1973 2976 2090 3034 coi·

181 3088 401 3134 turum.
484 3069 589 3128 Sic
624 3068 727 3126 ille
762 3069 1163 3136 consensionis
1195 3070 1412 3146 globus
1445 3070 1624 3146 hujus
1661 3068 1836 3126 unius
1867 3068 2089 3126 dissen-

178 3170 347 3230 sione
368 3168 653 3247 disjectus
672 3176 779 3235 est.
859 3161 1083 3239 Neque
1104 3164 1292 3230 multo
1312 3176 1446 3241 post
1467 3161 1740 3240 superior
1759 3181 1890 3220 esse
1907 3162 2090 3240 caepit

179 3263 497 3333 Antonius,
524 3262 611 3320 ita
635 3273 704 3320 ut
730 3259 955 3318 Brutus
990 3267 1052 3314 et
1078 3255 1342 3328 Cassius,
1370 3255 1828 3336 provinciarum,
1855 3277 1990 3335 quae
2016 3256 2090 3317 iis

84 3427 91 3430 ,
179 3361 345 3420 necis
378 3377 561 3426 causa
585 3357 741 3416 datae
772 3365 943 3414 erant
976 3373 1013 3411 a
1045 3352 1406 3425 consulibus,
1433 3353 1766 3434 desperatis
1796 3357 1996 3426 rebus,
2026 3355 2090 3414 in

182 3455 464 3514 exsilium
495 3453 1029 3532 proficiscerentur.
1126 3447 1390 3520 Atticus,·
1415 3450 1520 3529 qui
1551 3451 1869 3530 pecuniam
1909 3450 2090 3509 simul

182 3572 321 3610 cum
363 3550 578 3608 ceteris
621 3548 893 3610 conferre
932 3549 1213 3609 noluerat
1248 3547 1488 3607 florenti
1523 3549 1610 3606 illi
1649 3549 1822 3628 parti,
1855 3548 2090 3625 abjecto

182 3647 375 3704 Bruto
397 3643 687 3720 Italiaque
716 3643 953 3710 cedenti
976 3643 1085 3702 LL
1096 3643 1159 3702 S.
1188 3655 1432 3703 centum
1447 3642 1638 3702 millia
1654 3641 1883 3700 muneri
1911 3641 2090 3701 misit.

183 3740 405 3802 Eidem
436 3739 499 3798 in
531 3739 725 3819 Epiro
768 3739 979 3802 absens
1025 3750 1296 3802 trecente
1327 3737 1512 3819 jussit
1553 3735 1681 3798 dari
1698 3759 1736 3810 ς·
1775 3755 1972 3814 nequo
2015 3754 2092 3798 eo
