2525 4409
463 372 548 430 48
1009 383 1080 426 u.
1111 383 1170 424 r.
1203 381 1533 427 cressonis
1570 381 1833 436 namus,

369 575 376 584 ,
461 539 582 578 non
624 516 804 574 modo
837 515 1261 574 familiaritates
1302 513 1569 592 extingui
1610 514 1825 585 solere,
1860 513 1971 574 sed
2012 515 2195 576 etiam
2240 516 2379 574 odia

464 613 628 692 gigni
661 611 1038 689 sempiterna.
1120 610 1277 670 Haec
1310 610 1393 668 ita
1426 611 1629 679 multa,
1657 611 1829 687 quasi
1856 609 1993 679 fata,
2022 611 2379 690 impendere

463 707 757 776 amicitiis,
787 719 854 764 ut
881 706 1082 764 omnia
1107 705 1525 782 subterfugere
1553 725 1675 763 non
1702 706 1881 764 modo
1907 706 2242 785 sapientias,
2270 706 2379 764 sed

463 803 642 862 etiam
667 802 968 861 felicitatis
995 801 1226 891 diceret
1251 802 1363 860 sibi
1391 801 1599 860 videri.

539 993 652 1052 XI.
703 997 796 1052 36.
838 993 1252 1066 Quamobrem
1294 992 1359 1051 id
1400 992 1661 1072 primum
1700 992 2031 1064 videamus,
2058 994 2117 1052 si
2156 995 2376 1072 placet,

461 1102 750 1168 quatenus
807 1109 973 1148 amor
1018 1089 1080 1146 in
1135 1089 1393 1148 amicitia
1438 1088 1719 1167 progredi
1756 1089 1992 1149 debeat.
2096 1089 2283 1158 Num,
2326 1091 2375 1148 si

463 1185 814 1244 Coriolanus
847 1185 1054 1244 habuit
1096 1185 1337 1253 amicos',
1365 1183 1525 1242 ferre
1558 1197 1763 1243 contra
1794 1187 2047 1264 patriam
2090 1205 2255 1244 arma
2288 1185 2375 1244 illi

463 1302 598 1340 cum
634 1282 955 1342 Coriolano
990 1279 1373 1339 debuerunt'l
1412 1301 1557 1338 num
1586 1281 1983 1339 Viscellinum
2026 1281 2205 1340 amici
2237 1301 2373 1358 reg-

458 1398 604 1436 num
653 1389 1060 1456 appetentem,
1093 1395 1238 1434 num
1286 1375 1393 1454 Sp.
1419 1375 1691 1434 Maelium
1738 1367 2073 1434 debuerunt
2107 1377 2370 1454 juvare?

459 1478 556 1532 37.
595 1473 727 1532 Tib.
752 1471 1000 1550 quidem
1027 1471 1369 1530 Gracchum
1410 1471 1842 1549 rempublicam
1876 1484 2190 1529 vexantem
2224 1491 2261 1528 a
2288 1471 2370 1542 Q.

462 1569 782 1628 Tuberone
799 1567 1252 1646 aequalibusque
1272 1565 1476 1625 amicis
1496 1566 1849 1624 derelictum
1864 1566 2232 1624 videbamus.
2288 1568 2373 1624 At

460 1664 532 1722 C.
545 1665 813 1722 Blossius
832 1664 1160 1733 Cumanus,
1177 1661 1399 1740 hospes
1416 1661 1658 1720 familiae
1678 1674 1908 1730 vestim,
1928 1661 2211 1730 Scaevola,
2230 1681 2369 1719 cum

461 1757 536 1816 ad
570 1779 686 1826 me,
717 1758 819 1834 qui
847 1757 1090 1816 aderam
1121 1758 1355 1816 Laenati
1380 1768 1443 1814 et
1470 1755 1716 1834 Rupilio
1760 1756 2097 1815 consulibus
2130 1756 2193 1814 in
2230 1777 2369 1814 con-

459 1853 609 1921 silio,
621 1853 1008 1929 deprecatum
1021 1853 1296 1923 venisset,
1314 1853 1487 1923 hanc,
1498 1866 1563 1910 ut
1580 1852 1695 1909 sibi
1714 1851 2107 1930 ignoscerem,
2126 1871 2369 1910 causam

461 1946 760 2016 afferebat,
791 1947 952 2023 quod
987 1949 1132 2005 tanti
1155 1949 1292 2006 Tib.
1310 1949 1655 2007 Gracchum
1688 1947 1945 2018 fecisset,
1972 1961 2053 2017 nt,
2076 1948 2369 2024 quidquid

460 2041 562 2100 ille
604 2043 802 2110 vellet,
837 2042 952 2100 sibi
985 2043 1325 2102 faciendum
1367 2057 1622 2122 putaret.
1705 2043 1863 2101 Tum
1898 2063 2033 2122 ege,
2067 2043 2369 2115 Etiamne,

461 2137 718 2216 inquam,
743 2138 790 2196 si
813 2152 872 2198 te
895 2138 956 2196 in
981 2138 1347 2217 Capitolium
1368 2139 1525 2201 faces
1550 2138 1711 2196 ferre
1732 2140 1946 2198 vellet‘l
2030 2140 2368 2215 Nunquam,

459 2233 667 2313 inquit,
685 2235 952 2294 voluisset
969 2235 1037 2293 id
1057 2234 1310 2312 quidem.
1384 2233 1531 2305 Sed,
1552 2235 1603 2304 si
1617 2234 1942 2293 voluisset?
2010 2234 2369 2294 Paruiseem.

459 2329 718 2401 Videtis,
751 2351 930 2408 quam
969 2330 1197 2389 nefaria
1227 2349 1363 2388 vox.
1445 2329 1531 2388 Et
1562 2331 1765 2390 hercle
1798 2330 1883 2388 ita
1914 2331 2069 2398 fecit,
2098 2331 2197 2388 vel
2232 2333 2371 2410 plus

460 2425 658 2493 etiam,
695 2445 874 2501 quam
921 2424 1108 2485 dixit:
1166 2445 1285 2484 non
1340 2425 1503 2484 enim
1555 2426 1755 2503 paruit
1798 2425 1900 2483 ille
1944 2425 2078 2485 Tib.
2106 2425 2373 2485 Gracchi

459 2519 800 2588 temeritati,
823 2519 932 2577 sed
960 2520 1226 2597 praefuit3
1269 2541 1381 2578 nec
1408 2541 1475 2578 se
1502 2520 1787 2579 comitem
1815 2519 1976 2579 illius
2002 2520 2239 2589 furoriS,
2264 2521 2371 2579 sed

459 2612 676 2671 ducem
725 2614 998 2694 praebuit.
1094 2617 1309 2694 Itaque
1350 2617 1465 2674 hac
1520 2617 1795 2686 amentia,
1839 2617 2181 2694 quaestione-
2214 2635 2374 2676 nova

460 2710 826 2788 perterritus,
845 2710 906 2767 in
924 2711 1130 2770 Asiam
1153 2710 1435 2790 profugit,
1460 2711 1535 2769 ad
1556 2713 1757 2771 hostes
1782 2733 1851 2770 se
1880 2713 2143 2782 contulit,
2162 2733 2373 2792 poenas

457 2805 807 2884 reipublicae
849 2827 1056 2885 graves
1088 2807 1397 2886 justasque
1438 2807 1738 2885 persolvit.
1830 2809 2017 2868 Nulla
2056 2819 2146 2866 est
2186 2810 2376 2886 igitur

457 2903 764 2960 excusatio
803 2903 1054 2980 peccati,
1087 2902 1138 2960 si
1180 2903 1357 2962 amici
1398 2923 1579 2962 causa
1620 2905 1996 2982 peccaveris:
2041 2923 2199 2972 nam,
2230 2924 2373 2962 cum

457 2999 822 3058 conciliatrix
847 2998 1119 3056 amicitiae
1139 2998 1371 3057 virtutis
1397 2999 1601 3077 opinio
1622 3000 1819 3069 fuerit,
1842 2999 2081 3058 difficile
2108 3012 2201 3056 est
2228 3001 2376 3057 ami-

457 3093 653 3152 citiam
678 3094 1012 3165 manere,·si
1027 3114 1070 3152 a
1088 3094 1307 3152 virtute
1330 3094 1637 3154 defeceris.
1712 3099 1816 3154 38.
1852 3094 2035 3166 Quod
2058 3093 2109 3152 si
2134 3107 2375 3153 rectum

457 3191 852 3259 statuerimus,
875 3193 971 3249 vel
998 3191 1331 3250 concedere
1362 3190 1582 3260 amicis,
1605 3190 1893 3268 quidquid
1917 3191 2112 3257 velint,
2138 3192 2240 3248 vel.
2267 3192 2374 3248 im-

456 3295 690 3360 petrare
719 3286 794 3341 ab
816 3285 921 3352 eis,
945 3286 1232 3363 quidquid
1255 3285 1535 3356 velimus3
1576 3285 1849 3364 perfecta
1867 3285 2107 3362 quidem
2134 3285 2373 3363 sapien·

457 3376 541 3432 tia
579 3376 779 3445 simus,
813 3379 866 3435 si
904 3380 1051 3438 nihil
1083 3381 1301 3440 habeat
1340 3401 1437 3440 res
1476 3381 1641 3439 vitii:
1698 3381 1807 3440 sed
1841 3381 2137 3458 loquimur
2178 3380 2259 3438 de
2301 3381 2375 3438 iis

459 3470 685 3540 amicis,
715 3473 817 3548 qui
846 3483 982 3531 ante
1015 3477 1214 3534 oculos
1245 3489 1399 3546 sunt,
1431 3496 1579 3555 quos
1608 3475 1883 3544 vidimus,
1915 3489 2017 3535 aut
2043 3475 2121 3534 de'
2152 3477 2377 3552 quibus

458 3567 808 3626 memoriam
830 3568 1200 3648 accepimus,
1211 3592 1357 3648 quos
1379 3573 1543 3631 novit
1561 3573 1682 3632 vita
1702 3572 2049 3632 communis.
2131 3571 2239 3629 Ex
2259 3572 2381 3630 hoc

456 3683 709 3724 numero
743 3663 916 3723 nobis
957 3668 1234 3746 exempla
1276 3667 1567 3728 sumenda
1598 3682 1753 3739 sunt,
1784 3682 1845 3727 et
1880 3681 2089 3728 eorum
2122 3667 2380 3745 quidem

457 3759 738 3830 maxime,
759 3758 864 3837 qui
883 3759 960 3820 ad
985 3761 1341 3840 sapientiam
1360 3764 1635 3841 proxime
1664 3764 1975 3824 accedunt.
2054 3768 2151 3820 39.
2180 3763 2381 3822 Vide-
