2525 4409
395 863 498 948 M.
555 863 984 982 TULLH
1073 865 1732 956 clcnnoms

251 1090 963 1177 soMNIUM
1059 1031 1885 1182 SCIPIONJIS.

774 1396 982 1456 Scnuo
1024 1397 1373 1462 Loeurrtm.

203 1507 252 1566 Ι.
291 1507 434 1566 Cim
475 1507 538 1565 in
569 1507 838 1566 Africam
876 1508 1194 1578 venissem,
1241 1509 1347 1566 Μ’.
1368 1507 1619 1566 Manilio
1668 1509 1895 1568 consuli
1938 1510 2019 1570 sd

127 1615 382 1678 quartam
409 1603 712 1680 legionem
740 1602 1014 1662 tribunus
1044 1605 1136 1681 (ut
1161 1603 1343 1679 scitis)
1374 1603 1663 1673 militum3
1700 1603 1847 1660 nihil
1872 1605 2019 1662 mihi

134 1697 316 1772 potius
349 1696 482 1766 fuit,
519 1717 697 1774 quam
737 1709 804 1756 ut
841 1697 1222 1756 Masinissam
1261 1697 1660 1769 convenirem,
1694 1717 1901 1776 regem
1935 1699 2019 1758 fs·

135 1791 296 1849 miliae
323 1803 540 1850 nostrae
559 1792 736 1870 justis
761 1791 842 1850 de
871 1793 1062 1850 causis
1095 1793 1535 1851 amicissimum.
1612 1792 1715 1852 Ad
1744 1813 1923 1870 quem
1950 1805 2039 1865 ut,

136 1886 270 1955 veni,
319 1887 672 1965 complexus
718 1907 820 1944 me
875 1906 1061 1944 senex
1115 1887 1555 1957 collacrimavit,
1598 1887 2017 1965 aliquantoque

31 2011 48 2028 ·
137 1995 254 2057 post
279 1982 548 2060 suspexit
569 1981 630 2039 in
659 1983 910 2040 coelum:
945 1993 1004 2039 et
1031 1995 1246 2060 grates,
1268 1983 1480 2059 inquit,
1497 1983 1604 2040 tibi
1632 2004 1763 2060 ego,
1786 2003 2019 2042 summe

69 2127 73 2134 .
110 2073 246 2144 ,SOL
271 2077 558 2154 vobisque
585 2076 799 2153 reliqui
829 2076 1072 2145 coeliteS,
1095 2076 1257 2153 quod
1284 2089 1423 2134 ante
1452 2097 1633 2154 quam
1662 2097 1740 2134 ex
1765 2076 1877 2134 hac
1898 2077 2019 2134 vita

135 2170 325 2248 migro,
355 2171 656 2250 conspicio
683 2171 746 2230 in
773 2191 908 2230 meo
934 2190 1140 2248 regne,
1169 2183 1232 2228 et
1254 2171 1349 2228 his
1376 2169 1549 2228 tectis
1578 2170 1649 2227 P.
1668 2168 2019 2227 Cornelium

135 2262 486 2343 Scipionem,
518 2267 688 2344 cujus
717 2286 831 2343 ego
857 2264 1100 2323 nomine
1129 2263 1260 2341 ipso
1288 2283 1567 2322 recreor:
1607 2262 1693 2321 ita
1718 2281 2019 2339 nunquam

133 2455 422 2514 memoris.
505 2453 746 2512 Deinde
785 2473 900 2531 ego
928 2453 1100 2510 illum
1129 2452 1208 2511 de
1247 2471 1361 2510 suo
1399 2471 1619 2530 reg-n03
1661 2451 1767 2510 ille
1806 2472 1905 2509 me
1938 2450 2022 2512 de

134 2563 320 2607 nostra
350 2550 658 2629 republica
691 2559 1064 2627 percontatus
1098 2559 1188 2606 est
1209 2569 1230 2606 τ
1280 2547 1601 2625 multisque
1632 2547 1831 2606 verbis
1862 2547 2017 2606 ultro

136 2643 386 2722 citroque
412 2644 644 2713 habitis,
674 2643 776 2703 ille
808 2642 981 2700 nobis
1015 2654 1355 2700 consumtus
1390 2654 1481 2701 est
1508 2642 1651 2702 dies.
1734 2642 1883 2701 Post
1916 2663 2019 2702 su·

134 2749 244 2796 tem
269 2739 440 2816 regio
468 2750 756 2817 apparatu
787 2736 1034 2814 accepti,
1057 2756 1389 2796 sermonem
1414 2736 1475 2796 in
1502 2737 1751 2795 multam
1778 2749 2017 2796 noctem

136 2833 527 2910 produximus,
549 2853 686 2891 cum
715 2851 904 2892 senex
929 2831 1074 2890 nihil
1100 2831 1218 2890 nisi
1243 2831 1321 2890 de
1347 2831 1633 2889 Africano
1660 2832 2019 2904 loqueretur,

139 2929 435 3005 omniaque
462 2929 598 3005 ejus
623 2947 736 2986 non
765 2926 919 2986 facte
949 2928 1162 2994 solum,
1189 2925 1297 2984 sed
1328 2925 1508 2982 etism
1536 2923 1691 2981 dicta
1718 2923 2019 2980 meminis-

138 3035 232 3080 set.
308 3022 564 3090 Deinde,
587 3033 654 3080 ut
682 3021 942 3080 cubitum
971 3019 1367 3086 discessimus,
1391 3037 1486 3074 me
1514 3029 1574 3076 et
1594 3015 1671 3074 de
1694 3015 1807 3083 via,
1831 3028 1891 3073 et
1916 3015 2020 3091 qui

139 3116 206 3173 ad
225 3115 468 3176 multam
493 3128 728 3176 noctem
755 3115 1116 3192 vigilassem,
1139 3112 1370 3179 arctior,
1392 3131 1567 3186 quam
1596 3109 1841 3177 solebat,
1864 3128 2019 3166 som-

137 3229 238 3268 nus
275 3213 626 3290 complexus
665 3223 774 3276 est,
854 3208 976 3268 Hic
1015 3206 1160 3262 mihi
1203 3204 1409 3280 (credo
1450 3202 1735 3279 equidem
1776 3221 1865 3260 ex.
1887 3204 2017 3273 hoc,

139 3306 280 3380 quod
309 3325 546 3364 eramus
571 3304 788 3365 locuti:
829 3303 894 3360 fit
929 3301 1086 3360 enim
1113 3299 1262 3366 fere,
1292 3310 1356 3355 ut
1383 3296 1766 3375 cogitationes
1798 3318 2017 3365 sermo·
2084 3347 2095 3356 .

137 3417 350 3478 nesque
374 3400 558 3459 nostri
587 3399 822 3478 parient
851 3394 1070 3472 aliquid
1098 3394 1162 3451 in
1190 3411 1399 3450 somno
1425 3394 1558 3462 tale,
1588 3395 1767 3471 quale
1795 3394 1871 3452 de
1888 3395 2017 3452 Ho-

139 3512 292 3552 mero
332 3496 534 3554 scribit
555 3493 804 3562 Ennius,
833 3491 909 3550 de
943 3509 1062 3567 quo
1093 3486 1394 3565 videlicet*
1414 3487 1739 3565 saepissime
1770 3489 2019 3566 vigilans

141 3591 350 3648 solebat
379 3589 660 3666 cogitare,
691 3601 754 3644 et
781 3585 971 3662 loqui)
993 3582 1311 3642 Africanus
1338 3601 1405 3639 se
1430 3581 1688 3640 ostendit
1714 3602 1787 3640 es
1805 3583 2021 3650 forms,

145 3702 262 3757 quae
309 3684 451 3742 mihi
494 3702 574 3741 ex
618 3681 878 3758 imagine
925 3681 1077 3758 ejus,
1111 3695 1289 3765 quem
1336 3694 1413 3731 ex
1454 3675 1605 3752 ipse,
1640 3686 1769 3732 eret
1812 3675 2023 3736 notior.

144 3775 333 3848 Quem
363 3792 430 3838 ut
463 3777 696 3856 agnovi,
727 3775 1006 3852 equidem
1039 3770 1335 3833 cohorrui.
1414 3767 1539 3826 Sed
1572 3767 1689 3838 ille,
1714 3767 1907 3841 Ades,
1933 3769 2037 3858 ¹¹²<
