2525 4409
298 759 606 848 VITA
679 758 768 846 T.
825 759 1447 848 ΡΟΜΡΟΝΙΙ
1517 761 1969 850 ΑΤΤΙΟΙ

511 953 658 1032 ΕΧ
713 953 1249 1032 CORNELIO
1303 953 1749 1036 NEPOTE.

251 1280 300 1340 1.
339 1279 415 1338 T.
431 1280 802 1340 Poinoi-mss
825 1281 1122 1352 Armene,
1143 1283 1218 1340 ab
1247 1282 1477 1360 origine
1502 1283 1709 1342 ultima
1734 1283 1934 1362 stirpis
1956 1285 2075 1344 Ro-

173 1393 366 1434 manae
408 1389 742 1452 generatus,
771 1389 1066 1455 perpetuo
1101 1397 1138 1441 a
1167 1377 1493 1456 majoribus
1528 1389 1835 1455 acceptam
1868 1397 2075 1456 equen-

173 1477 322 1528 trem
351 1468 610 1530 obtinuit
627 1469 996 1547 dignitatem.
1076 1470 1258 1529 Patre
1286 1490 1431 1530 usus
1448 1483 1539 1530 eet
1560 1471 1865 1549 diligente,
1886 1472 2077 1532 indul-

174 1577 374 1648 gente,
391 1575 474 1632 et,
495 1576 562 1624 nt
581 1576 708 1624 tum
727 1577 897 1624 erant
921 1578 1211 1644 tempora,
1233 1564 1359 1636 diti,
1380 1565 1787 1644 imprimisque
1814 1566 2079 1626 studioso

173 1656 525 1718 litterarum.
606 1658 746 1727 Hic,
767 1671 944 1738 prout
961 1657 1096 1738 ipae
1121 1659 1359 1722 amabat
1376 1659 1620 1729 litterae,
1644 1659 1915 1720 omnibus
1942 1659 2077 1720 doc-

174 1751 360 1821 trinis,
381 1752 601 1830 quibu·
619 1753 866 1831 puerilis
887 1765 1034 1812 nm
1055 1753 1349 1832 impertiri
1369 1752 1569 1825 debet,
1590 1754 1776 1814 filium
1802 1754 2077 1816 erudivit.

175 1846 318 1907 Erat
351 1861 554 1908 autem
585 1847 648 1907 in
677 1867 890 1927 puero,
917 1861 1140 1927 proeter
1171 1848 1538 1907 docilitatem
1572 1849 1813 1928 ingenii,
1842 1870 2080 1910 summa

175 1943 438 2001 suavitas
477 1941 596 2000 orie
629 1961 698 2000 ac
730 1942 915 2011 vecie,
947 1954 1012 2001 ut
1050 1963 1170 2001 non
1207 1945 1399 2003 nolum
1439 1945 1715 2005 celeriter
1754 1945 2077 2024 acciperet,

175 2059 308 2116 quae
372 2037 780 2108 tradebantur,
834 2037 940 2096 sed
995 2037 1172 2096 etiam
1233 2040 1597 2096 excellenter
1648 2021 2074 2116 pronuntiaret.

174 2133 320 2206 Qua
361 2153 443 2192 ex
483 2152 552 2190 re
595 2131 658 2190 in
699 2131 962 2210 pueritia
1004 2131 1220 2190 nobilia
1259 2131 1417 2190 inter
1460 2133 1718 2208 oeqnales
1753 2133 2074 2202 ferebatur,

175 2229 514 2306 clariusque
553 2226 1114 2306 exsplendescebat,
1145 2247 1326 2303 quam
1373 2227 1647 2304 generosi
1688 2226 2077 2304 condiscipuli

174 2323 374 2381 animo
398 2343 574 2400 aequo
593 2322 748 2381 ferre
767 2333 1028 2401 possent.
1107 2322 1322 2398 Itaque
1342 2321 1623 2382 incitabat
1648 2340 1855 2382 ornnes
1878 2320 2077 2380 studio
2179 2397 2190 2404 ἢ

175 2436 314 2477 suo:
345 2437 467 2496 quo
487 2417 548 2474 in
569 2436 820 2476 numero
837 2415 1079 2476 fuerunt
1097 2415 1170 2474 L.
1185 2415 1537 2494 Torquatus,
1557 2417 1627 2477 Ο.
1642 2416 1879 2478 Mariua
1900 2417 2075 2488 filius,

175 2512 263 2570 M.
285 2513 523 2581 Cicero,
568 2531 716 2589 quoe
763 2511 1192 2570 consuetudine
1233 2531 1349 2570 aua
1392 2511 1481 2572 sic
1526 2511 1642 2571 eibi
1684 2512 1973 2583 devinxit,
2002 2525 2075 2572 ut

174 2627 356 2668 neme
382 2607 455 2666 iis
480 2619 776 2686 perpetuo
799 2606 982 2666 fuerit
1007 2606 1213 2666 carior.

254 2797 338 2856 ΙΙ.
372 2796 556 2856 Pater
573 2809 804 2856 mature
825 2794 1094 2856 decessit.
1173 2797 1313 2876 Ipse
1339 2797 1809 2856 adolescentulus
1827 2812 2073 2877 propter

177 2891 520 2950 affinitatem
548 2891 620 2951 P.
639 2890 906 2969 Sulpicii,
933 2891 1036 2969 qui
1063 2891 1334 2950 tribunus
1366 2891 1557 2969 plebis
1591 2891 1933 2948 interfectus
1966 2904 2073 2961 est,

175 3006 294 3044 non
314 3005 534 3065 expers
552 2985 664 3044 fuit
684 2985 842 3045 illiue
864 2985 1132 3064 periculi.
1203 2984 1485 3064 Namque
1506 2984 1735 3054 Anicia,
1756 2983 2074 3062 Pomponii

178 3081 547 3150 consobrina,
565 3093 850 3158 nupserat
870 3081 956 3139 M.
973 3080 1202 3150 Servio,
1223 3079 1387 3154 fratri
1405 3076 1678 3155 Sulpicii.
1758 3077 1969 3153 Itaque
1988 3078 2074 3136 in-

177 3175 434 3234 terfecto
461 3175 730 3254 Sulpicio
751 3188 1140 3253 posteaquam
1165 3172 1331 3238 vidit,
1352 3172 1629 3231 Cinnano
1654 3169 1907 3229 tumultu
1936 3171 2074 3230 civi-

176 3282 364 3328 tatem
405 3290 536 3328 oeae
579 3269 996 3347 perturbatam,
1027 3285 1224 3342 neque
1270 3265 1385 3323 sibi
1417 3264 1547 3323 dari
1576 3264 1921 3324 facultatem
1962 3287 2075 3346 pro

177 3363 472 3442 dignitate
495 3363 754 3433 vivendi,
779 3363 926 3440 quin
959 3363 1306 3420 alterutram
1332 3372 1563 3439 partem
1594 3360 1933 3434 offenderet,
1960 3363 2074 3422 dia·

181 3459 414 3516 eociatis
461 3459 672 3517 animis
715 3457 952 3527 civium,
985 3475 1168 3532 quum
1213 3454 1313 3513 alii
1344 3455 1623 3526 Sullanis,
1657 3455 1758 3515 alii
1790 3456 2077 3516 Cinnanis

181 3552 448 3611 faverent
490 3552 791 3631 partibus;
851 3550 1134 3610 idoneum
1175 3560 1413 3626 tempus
1455 3562 1615 3608 ratus
1658 3549 1867 3608 studiis
1908 3553 2076 3608 obse-

181 3646 408 3724 quendi
439 3646 582 3714 auis,
604 3647 874 3704 Athenae
905 3667 971 3705 se
1005 3643 1269 3703 contulit.
1348 3639 1566 3720 Neque
1598 3663 1673 3704 eo
1703 3642 1898 3702 aecius
1938 3643 2077 3702 ado-

183 3741 508 3830 lescentem
541 3740 823 3820 Marium,
850 3742 1080 3800 hostem
1113 3736 1467 3817 judicatum,
1490 3736 1649 3816 juvit
1678 3734 1889 3814 opibus
1920 3737 2073 3812 suin

1070 3833 1126 3893 E
1150 3836 1190 3890 2
1280 3842 1287 3850 “
