2525 4409
397 365 412 380 ⁸
470 390 554 448 74
1157 388 1226 444 fl.
1259 400 1318 442 r.
1352 397 1679 470 menonis

965 448 994 466 N

469 549 532 596 et
556 523 639 594 ita‘
667 531 804 602 dici,
829 543 898 590 ut
925 531 1341 611 probarentur,
1372 549 1447 590 an
1480 530 1599 588 alia
1630 528 1905 606 quaed‘am
1939 541 2097 589 esset
2130 531 2375 602 erudita,

471 631 586 688 alia
619 626 921 707 popularis
955 627 1179 686 oratio:
1237 645 1432 702 eoque
1467 623 1677 712 scripsi
1712 624 2014 693 libentius,
2046 624 2204 702 quod
2238 625 2377 682 mihi

469 725 600 795 ista,
618 723 919 798 παράδοξα
940 741 1074 799 quae
1097 722 1421 800 appellant,
1440 719 1700 776 maxime
1722 717 1999 777 videntur
2014 739 2151 777 esse
2170 719 2375 777 Socra-

469 820 588 878 tica
618 821 920 896 longeque
953 797 1273 875 verissima.
1356 819 1412 872 5.
1449 812 1735 891 Accipies
1768 813 1952 891 igitur
1984 814 2096 872 hoc
2129 811 2375 890 parrum

471 915 844 992 opusculum,
871 910 1246 969 lucubratum
1274 908 1365 966 his
1389 909 1516 986 jam
1544 907 2037 968 contractioribus
2069 907 2371 967 noctibus:

471 1005 753 1087 quoniam’
783 1005 934 1065 illud
960 1005 1255 1083 majorum
1283 1003 1625 1081 vigiliarum
1657 1023 1873 1062 munus
1905 1003 1967 1060 in
2002 1015 2104 1061 tuo
2136 1004 2375 1062 nomine

471 1104 782 1184 apparuit:
819 1115 880 1162 et
899 1099 1245 1178 degustabis
1273 1118 1463 1176 genus
1489 1098 1602 1156 hoc
1630 1097 2131 1157 exercitationum
2150 1117 2374 1170 earum,

471 1200 686 1278 quibus
733 1198 824 1258 uti
865 1194 1166 1264 consue‘vi,
1199 1213 1383 1271 quum
1431 1211 1523 1263 ea.
1560 1213 1694 1270 quae
1732 1191 2011 1252 dicuntur
2052 1192 2115 1250 in
2161 1193 2375 1252 scholis

468 1295 704 1364 θετικά,
727 1293 800 1352 ad
821 1305 1090 1353 nostrum
1109 1290 1225 1348 hoc
1247 1289 1572 1348 oratorium
1598 1287 1889 1347 transfero
1911 1287 2152 1356 dicendi
2172 1307 2376 1366 genus.

471 1390 614 1450 Hoc
657 1402 858 1448 tamen
903 1406 1052 1466 opus
1097 1385 1160 1442 in
1205 1395 1519 1461 acceptum
1556 1395 1623 1441 ut
1667 1381 1908 1453 referas,
1942 1382 2089 1442 nihil
2122 1385 2376 1461 postulo.

471 1485 613 1544 Non
648 1497 740 1545 est
771 1483 948 1552 enim,
983 1493 1051 1541 ut
1083 1481 1144 1539 in
1183 1497 1323 1539 arce
1356 1478 1501 1559 poni
1530 1478 1737 1556 possit,
1771 1478 1939 1555 quasi
1970 1478 2075 1536 illa
2108 1477 2380 1536 Minerva

472 1567 734 1651 Phidi‘ae3
769 1578 880 1641 sed
905 1589 1124 1647 tamen,
1146 1585 1214 1634 ut
1239 1595 1323 1634 ex
1346 1573 1563 1634 eadem
1588 1573 1823 1640 officina
1848 1572 2049 1632 exisse
2076 1585 2379 1652 appareat.

1112 1875 1152 1922 P
1167 1873 1214 1918 A
1229 1875 1282 1920 Β.
1295 1873 1340 1918 A
1357 1875 1403 1920 1>
1421 1875 1465 1920 Ο
1482 1875 1535 1920 X
1552 1876 1595 1921 Ο
1612 1875 1663 1920 Ν
1704 1873 1744 1918 1.

856 1963 972 2011 ’On
987 1961 1138 2028 μόνον
1159 1961 1345 2026 ἀγαθὸν
1367 1961 1423 2012 τὸ
1440 1963 1615 2012 καλόν.

863 2053 1000 2115 Quod
1019 2055 1267 2106 honestum
1288 2055 1371 2114 ait,
1396 2055 1449 2104 ia
1468 2055 1625 2104 solum
1646 2055 1819 2106 bonum
1838 2069 1958 2104 esse.

549 2153 598 2212 I.
639 2157 696 2220 6.
729 2152 1017 2223 Vennon,
1047 2173 1122 2211 ne
1157 2152 1254 2210 cui
1290 2165 1554 2212 vestrum
1586 2171 1667 2210 ex
1700 2153 2041 2214 Stoicorum
2072 2153 2389 2212 hominum

469 2247 984 2326 disputationibus,
1005 2265 1127 2306 non
1155 2266 1236 2308 ex
1263 2241 1403 2303 meo
1426 2261 1605 2303 sensu
1626 2247 1938 2324 depromta
1962 2247 2093 2306 haec
2112 2248 2391 2308 videatur

469 2343 686 2400 oratio=
718 2342 918 2400 dicam
944 2353 1162 2411 tamen,
1183 2339 1345 2418 quod
1370 2339 1589 2411 sentim
1626 2353 1689 2398 et
1708 2339 1903 2398 dicam
1920 2341 2183 2413 brevius,
2204 2359 2391 2420 quain

465 2453 566 2494 res
605 2447 770 2492 tanta
807 2436 930 2493 dici
965 2436 1174 2513 poscit.
1277 2435 1605 2512 Nunquam
1644 2436 1990 2494 mehercule
2032 2455 2149 2514 ego
2182 2457 2391 2516 neque

466 2529 757 2608 pecunias
774 2529 1034 2599 istorum,
1051 2549 1248 2608 neque
1268 2543 1425 2590 teeta
1440 2529 1771 2609 magnifica,
1790 2548 1985 2608 neque
1998 2551 2169 2608 opes,
2186 2549 2392 2610 neque

465 2622 737 2701 imperia,
765 2643 960 2702 neque
995 2643 1117 2694 eas,
1149 2625 1363 2706 quibus
1396 2627 1661 2684 maxime
1694 2626 1957 2685 adstricti
1989 2639 2144 2697 sunt,
2174 2629 2391 2708 volup-

466 2730 637 2790 tateS,
673 2719 734 2776 in
767 2720 935 2778 bonis
975 2721 1154 2780 rebus
1203 2733 1304 2779 aut
1344 2721 1697 2803 expetendis
1738 2741 1875 2782 esse
1916 2721 2061 2780 duxi
2080 2741 2111 2782 ε,
2156 2723 2391 2802 quippe

465 2835 651 2892 quum
671 2814 954 2884 viderem,
975 2815 1246 2874 homines
1274 2817 1453 2893 rebus
1470 2815 1563 2875 his
1582 2815 2064 2877 circumfluentes
2084 2836 2159 2874 ea
2176 2830 2391 2876 tamen

449 2909 808 2968 desiderare
830 2910 1109 2978 maxime,
1129 2909 1349 2987 quibus
1376 2911 1777 2970 abundarent.·
1844 2911 2067 2988 Neque
2090 2912 2255 2970 enim
2276 2932 2389 2972 ex·

463 3006 668 3084 pletur
686 3024 966 3082 unquam,
983 3025 1100 3064 nec
1119 3005 1369 3064 satiatur
1386 3006 1725 3084 cupiditatis
1750 3007 1907 3066 sitis:
1938 3019 2139 3084 neque
2162 3009 2387 3079 solum,

463 3119 536 3158 ea
545 3100 656 3175 'qui
676 3101 914 3170 habent,
935 3099 1186 3159 libidine
1207 3099 1469 3180 aug-endi
1488 3102 1846 3171 cruciantur,
1868 3101 1975 3186 sed
1998 3102 2386 3162 etiamamit-

459 3193 625 3250 teudi
646 3207 828 3254 metu.
912 3201 967 3254 Ι7.
995 3195 1068 3253 In
1087 3215 1210 3273 quo
1229 3195 1509 3274 equidem
1530 3197 2169 3257 continentissimorum
2188 3200 2383 3258 homi-

457 3305 622 3354 num,
651 3290 944 3365 majorum
981 3303 1339 3360 nostrorum,
1367 3307 1531 3370 soepe
1570 3293 1812 3369 requiro
1842 3292 2245 3370 prudentiam,
2272 3295 2387 3371 qui

455 3379 587 3437 haec
627 3373 926 3440 imbecilla
967 3395 1028 3441 et
1069 3386 1511 3444 commutabilia
1549 3387 1821 3465 pecuniae
1863 3387 2151 3458 membra,
2186 3391 2385 3448 verbo

457 3474 642 3532 BONA
688 3489 1052 3554 putaverunt
1093 3480 1473 3557 appellanda,
1517 3499 1702 3558 quum
1750 3501 1817 3540 re
1866 3499 1939 3540 ac
1978 3482 2149 3541 factis
2193 3484 2386 3561 longe

459 3569 636 3627 aliter
653 3571 1100 3649 judicavissent.
1162 3573 1453 3634 Potestne
1472 3576 1696 3635 bonum
1716 3575 1994 3653 cuiquam
2014 3579 2177 3636 malo
2196 3596 2343 3636 esse
2355 3579 2386 3636 ’ξ

459 3676 561 3723 aut
587 3677 784 3741 potest
803 3666 1118 3743 quisquam
1139 3667 1200 3726 in
1229 3664 1599 3728 abundantia
1618 3671 1907 3730 bonorum
1926 3671 2059 3749 ipse
2088 3691 2217 3730 esse
2248 3690 2387 3730 nou

454 3756 686 3819 bonus?
727 3794 731 3802 ·
765 3761 956 3837 Atqui
975 3761 1088 3819 ista
1109 3762 1312 3821 omnia
1336 3763 1479 3826 talia
1496 3763 1791 3836 videmus,
1812 3777 1883 3824 ut
1902 3765 2085 3828 etiam
2106 3765 2389 3844 improbi
