2525 4409
397 340 480 398 60
943 351 1011 394 u.
1043 351 1104 392 tr.
1137 347 1470 394 cicazonis
1504 345 1765 397 amus,

395 497 594 568 potest
625 484 686 542 in
730 481 1020 552 amicitiis,
1047 501 1124 540 ne
1157 480 1551 559 intemperata
1582 478 1857 555 quasdam
1888 478 2316 538 benevolentia

355 569 380 588 ⁸
399 582 589 662 (quod
619 599 891 659 persaepe
925 578 1016 653 fit)
1046 575 1335 654 impediat
1366 595 1609 652 magnas
1641 574 1925 634 utilitates
1965 575 2316 634 amicorum.

399 680 539 738 Nec
585 677 762 746 enim,
797 687 864 734 ut
907 674 983 734 ad
1017 673 1248 732 fabulas
1288 672 1555 742 redeam,
1586 670 1833 748 Trojam
1867 671 2319 749 Neoptolemus

399 792 617 850 capere
640 771 946 849 potuisset,
965 769 1015 827 si
1035 767 1459 846 Lycomedem,
1478 765 1637 845 apud
1656 785 1839 844 quem
1854 778 1983 824 erat
2002 765 2319 835 educatus,

397 867 599 926 multis
637 885 773 925 cum
798 865 1062 924 lacrimis
1088 865 1204 922 iter
1235 883 1407 922 suum
1436 861 1881 940 impedientem,
1910 861 2119 921 andire
2146 863 2321 920 volu-

399 963 560 1020 isset.
642 961 724 1020 Et
763 981 925 1040 saepe
954 959 1219 1018 incidunt
1259 977 1493 1036 magnae
1533 976 1649 1026 res,
1678 970 1745 1015 ut
1770 957 2195 1016 discedendum
2236 957 2324 1016 sit

403 1058 478 1116 ab
514 1057 752 1116 amicis:
795 1076 942 1132 quas
975 1055 1078 1133 qui
1103 1051 1399 1133 impedire
1430 1054 1577 1124 vult,
1605 1051 1765 1130 quod
1792 1052 2159 1112 desiderium
2190 1073 2323 1110 non

399 1153 578 1210 facile
607 1151 775 1219 ferat,
802 1151 851 1208 is
879 1163 941 1210 et
966 1150 1233 1208 infirmus
1268 1161 1360 1207 est
1386 1149 1700 1225 mollisque
1726 1159 1957 1217 natura,
1984 1160 2048 1208 et
2072 1148 2149 1207 ob
2176 1167 2321 1210 eam

398 1249 590 1328 ipsam
633 1267 875 1307 causam
915 1246 977 1304 in
1017 1244 1277 1306 amicitia
1316 1265 1529 1324 parum
1559 1245 1773 1323 justus.
1856 1242 1967 1304 ‘76.
2006 1245 2211 1322 Atque
2254 1244 2323 1303 in

405 1345 568 1404 omni
595 1365 663 1401 re
691 1340 1188 1403 considerandum
1215 1351 1323 1411 est,
1352 1353 1415 1399 et
1440 1339 1584 1418 quid
1612 1341 1881 1419 postules
1901 1341 1987 1420 ‚ab
2012 1341 2223 1410 amicO,
2256 1351 2325 1398 et

405 1441 545 1520 quid
577 1439 804 1520 patiare
833 1459 868 1496 a
893 1451 956 1496 te
981 1435 1307 1516 impetrari.

431 1703 436 1711 Ι
481 1631 656 1690 XXI.
715 1630 831 1690 Est
871 1629 1050 1688 etiam
1085 1627 1252 1706 quasi
1284 1627 1558 1705 quaedam
1600 1628 1901 1688 calamitas
1934 1627 1994 1687 in
2036 1627 2323 1688 amicitiis

405 1725 768 1784 dimittendis
799 1744 1224 1801 nonnunquam
1256 1723 1630 1783 necessaria:
1664 1725 1793 1802 jam
1825 1723 1989 1782 enim
2016 1745 2053 1783 a
2082 1723 2319 1802 sapien-

403 1821 551 1878 tium
585 1819 1080 1877 familiaritatibus
1121 1818 1200 1876 ad
1231 1821 1509 1897 vulgares
1558 1819 1842 1880 amicitias
1884 1819 2073 1880 oratio
2110 1831 2325 1878 nostra

403 1913 719 1972 delabitur.
799 1912 1144 1992 Erumpunt
1173 1934 1335 1994 saepe
1368 1915 1509 1974 vitia
1542 1915 1871 1974 amicorum
1903 1928 2031 1974 tum
2062 1915 2124 1974 in
2154 1915 2321 1992 ipsos

405 2009 646 2076 amicos,
669 2021 794 2066 tum
815 2007 876 2066 in
901 2008 1143 2078 alienos,
1163 2030 1421 2089 quorum
1448 2023 1649 2070 tamen
1676 2009 1749 2070 ad
1760 2011 1991 2070 amicos
2016 2010 2327 2070 redundet

403 2105 662 2165 infamia.
746 2104 928 2165 Tales
955 2105 1140 2185 igitur
1167 2105 1443 2166 amicitiae
1476 2118 1616 2166 sunt
1640 2106 1993 2165 remissione
2021 2127 2167 2166 usus
2196 2107 2326 2165 elu-

404 2203 590 2272 endae,
634 2214 712 2272 et,
755 2213 820 2260 ut
861 2201 1152 2261 Catonem
1201 2201 1406 2261 dicere
1462 2201 1682 2272 audivi,
1726 2200 2061 2260 dissuendae
2108 2203 2325 2280 magis,

403 2319 584 2375 quam
618 2297 1062 2372 discindendaez
1113 2297 1230 2356 nisi
1263 2297 1537 2376 quaedam
1580 2297 1901 2356 admodum
1934 2298 2325 2358 intolerabilis

405 2393 624 2472 injuria
667 2393 976 2462 exarserit,
1011 2405 1080 2452 ut
1109 2413 1311 2470 neque
1352 2405 1605 2465 rectum,
1638 2413 1837 2471 neque
1868 2394 2186 2453 honestum
2228 2395 2323 2463 sit,

405 2508 518 2544 nec
546 2487 674 2544 fieri
701 2487 904 2564 possit,
932 2498 998 2544 ut
1029 2507 1146 2544 non
1179 2489 1377 2548 statim
1411 2487 1692 2548 alienatio
1720 2488 2151 2568 disjunctioque
2178 2489 2323 2548 faci-

407 2581 562 2640 enda
595 2582 686 2639 sit.
769 2586 864 2639 77.
897 2581 1006 2639 Sin
1035 2595 1238 2642 autem
1268 2603 1526 2654 morum,
1554 2597 1661 2644 aut
1690 2584 2026 2644 studiorum
2050 2605 2324 2644 commu·

405 2678 550 2736 tatio
585 2676 879 2755 quaedam,
907 2690 974 2736 ut
1004 2678 1136 2738 fieri
1169 2679 1343 2748 solet,
1370 2679 1531 2738 facta
1570 2681 1701 2750 erit,
1730 2693 1831 2740 aut
1861 2680 1923 2739 in
1963 2680 2321 2759 reipublicae

407 2773 676 2852 partibus
698 2772 988 2832 dissensio
1010 2774 1417 2834 intercesserit
1438 2777 1673 2853 (loquor
1692 2777 1850 2836 enim
1860 2777 2009 2854 jam,
2028 2789 2094 2835 ut
2114 2778 2321 2856 paullo

409 2883 544 2929 ante
579 2869 726 2941 dixi,
754 2891 872 2928 non
903 2869 980 2929 de
1017 2871 1395 2952 sapientium,
1422 2871 1530 2930 sed
1559 2869 1636 2932 de
1670 2873 2083 2932 communibus
2116 2873 2321 2932 amici-

407 2966 551 3044 tiis),
583 2967 915 3026 cavendum
945 2967 1074 3036 erit,
1103 2987 1180 3026 ne
1205 2987 1325 3024 non
1352 2969 1549 3026 solum
1574 2968 1845 3028 amicitiae
1872 2969 2181 3048 depositae,
2210 2969 2321 3028 sed

406 3062 730 3122 inimicitiae
753 3062 936 3122 etiam
958 3073 1254 3141 susceptae
1276 3061 1608 3121 videantur.
1691 3063 1861 3122 Nihil
1884 3064 2047 3123 enim
2066 3064 2321 3142 turpiuS,

409 3178 585 3234 quam
621 3180 755 3216 cum
789 3180 862 3218 eo
891 3160 1112 3218 bellum
1147 3179 1379 3236 gerere,
1406 3159 1650 3236 quicum
1674 3159 2047 3219 familiariter
2079 3160 2319 3218 vixeris.

407 3253 507 3308 Ab
552 3253 811 3312 amicitia
852 3254 933 3325 Q.
957 3254 1234 3334 Pompeii
1274 3275 1411 3313 meo
1458 3255 1697 3314 nomine
1747 3275 1813 3314 se
1859 3269 2215 3325 removerat,
2254 3267 2321 3313 ut

408 3346 588 3414 scitis,
625 3345 861 3424 Scipi03
910 3363 1155 3427 propter
1187 3349 1617 3412 dissensionem
1660 3363 1879 3421 autem,
1914 3371 2047 3429 quae
2086 3363 2217 3409 erat
2256 3351 2318 3409 in

406 3441 734 3518 republica,
756 3441 1040 3501 alienatus
1059 3458 1150 3505 est
1168 3466 1204 3504 a
1219 3449 1453 3526 collega
1468 3459 1669 3506 nostro
1688 3447 1967 3508 Metello:
2001 3459 2319 3524 utrumque

407 3539 533 3617 egit
567 3537 848 3616 graviter,
883 3540 1227 3600 auctoritate
1261 3555 1323 3601 et
1355 3544 1679 3602 offensione
1716 3543 1898 3602 animi
1930 3563 2051 3603 non
2086 3544 2319 3602 acerba.

407 3639 442 3692 7
449 3640 501 3694 8.
537 3634 956 3707 Quamobrem
985 3635 1244 3718 primum
1272 3638 1468 3698 danda
1498 3659 1683 3718 opera
1714 3652 1823 3708 est,
1852 3659 1931 3698 ne
1960 3659 2079 3716 qua
2106 3637 2319 3698 amico·

323 3767 328 3770 -
404 3750 537 3792 rum
567 3732 814 3794 dissidia
841 3731 1020 3794 fiant:
1063 3733 1155 3794 sin
1188 3735 1312 3796 tale
1346 3734 1569 3813 aliquid
1595 3734 1877 3809 evenerit,
1908 3748 1974 3796 ut
2006 3735 2323 3800 exstinctae
