2525 4409
532 379 537 385 ’
656 398 1168 446 Arum—car.
1193 399 1329 455 ιιι,
1351 401 1493 445 xm.
1908 389 2033 450 118

121 536 410 598 industris
433 533 662 594 fectum
689 545 796 603 est,
823 545 890 594 ut
914 531 1130 592 eodem
1159 533 1371 591 nuntio
1396 532 1675 592 Saufeius
1700 533 1873 594 fleret
1904 555 2030 594 eer-

120 634 241 703 fior,
275 653 346 692 se
379 629 814 710 patrimonium
855 628 1122 688 amisisse
1157 641 1220 686 et
1255 648 1664 706 recuperasse.
1742 629 1915 690 Idem
1955 631 2029 691 L.

118 730 158 788 J
160 730 348 788 ulium
382 725 694 795 Gelidum,
711 743 891 802 quem
918 736 1055 804 post
1089 723 1357 783 Lucretii
1392 724 1729 803 Catullique
1768 739 2027 786 mortem

118 826 304 882 multo
357 819 867 900 elegantissimum
917 829 1161 899 poetam
1213 831 1475 878 nostram
1530 821 1737 880 tulisse
1787 833 2025 882 oetstem

119 938 250 978 vere
278 917 492 976 videor
517 935 692 994 posse
717 914 1100 984 contendere,
1125 933 1329 992 neque
1355 915 1551 974 minus
1576 915 1773 976 virum
1798 916 2024 976 bonum

119 1012 481 1092 optimisque
501 1010 724 1070 artibus
745 1009 1064 1080 eruditum,
1086 1021 1224 1089 post
1241 1010 1733 1089 proscriptionem
1751 1011 2021 1089 equitum

118 1120 356 1187 propter
393 1125 641 1184 magnas
673 1106 806 1183 ejus
839 1104 1156 1168 Afficsnss
1189 1106 1595 1184 possessiones
1630 1107 1691 1164 in
1726 1109 2019 1187 proscrip-

119 1215 307 1261 torum
329 1221 652 1260 numerum
681 1219 718 1260 a
741 1199 1168 1270 P.Volumnio,
1191 1200 1477 1279 proefecto
1496 1200 1733 1262 fabrum
1754 1203 2020 1272 Antonii,

120 1287 422 1356 absentein
447 1297 718 1366 relatum,
739 1295 1066 1374 expedivit.
1145 1295 1343 1367 Quod.
1354 1296 1418 1354 in
1443 1296 1725 1374 praesenti
1744 1309 1941 1354 utrum
1961 1297 2021 1356 ei

118 1392 483 1462 laboriosius,
528 1411 606 1450 en
659 1391 974 1469 gloriosius
1020 1390 1223 1461 fuerit,
1270 1390 1514 1448 difficile
1560 1390 1671 1449 fuit
1708 1390 2017 1469 judicares

120 1487 270 1564 quod
297 1487 360 1544 in
395 1491 604 1544 eorum
637 1484 938 1564 periculis,
973 1504 1093 1543 non
1127 1503 1301 1542 secus
1334 1485 1627 1560 absentes,
1656 1504 1837 1559 quam
1869 1505 2020 1564 prae-

117 1593 312 1640 sentes
337 1580 564 1639 amicos
587 1579 794 1638 Attico
821 1598 957 1638 esse
985 1597 1166 1648 curae,
1193 1579 1503 1656 cognitum
1528 1590 1637 1638 est.

187 1769 366 1830 XIII.
409 1771 634 1846 Neque
665 1788 814 1828 vero
853 1769 1052 1828 minus
1092 1767 1196 1827 ille
1236 1768 1331 1828 vir
1360 1768 1551 1828 bonus
1592 1768 2017 1848 paterfamilias

116 1867 343 1926 habitus
386 1877 498 1936 est,
529 1855 710 1943 quam
751 1865 912 1924 civis.
1004 1863 1168 1924 Nem
1211 1883 1398 1943 quum
1446 1877 1603 1924 esset
1641 1865 2015 1944 pecuniosus,

116 1977 282 2021 nemo
323 1962 430 2020 illo
477 1961 674 2020 minus
713 1960 830 2020 fuit
875 1977 1073 2031 emax,
1113 1960 1311 2020 minus
1357 1959 1697 2020 aedificator.
1790 1961 2017 2041 Neque

117 2069 307 2117 tamen
339 2071 462 2116 non
494 2056 558 2114 in
591 2055 802 2136 primis
827 2055 985 2114 bene
1017 2055 1319 2125 habitavit,
1346 2056 1741 2133 omnibusque
1773 2057 2015 2133 optimis

115 2154 288 2212 rebus
329 2173 474 2211 usus
519 2161 627 2210 est.
707 2151 868 2210 Nam
903 2149 1148 2208 domum
1179 2149 1392 2207 habuit
1422 2147 1485 2206 in
1528 2150 1680 2208 colle
1714 2148 2016 2220 Quirinali

117 2248 585 2326 Tamphilanam‚
634 2247 709 2305 sb
759 2246 1054 2306 avunculo
1101 2243 1435 2303 hereditate
1480 2242 1786 2301 relictam:
1844 2244 2015 2322 cujus

115 2344 416 2402 smoenitss
445 2361 568 2401 non
597 2341 852 2402 aedificio
883 2340 991 2400 sed
1025 2339 1174 2399 silva
1205 2339 1532 2399 conmbst.
1613 2336 1823 2416 Ipsum
1856 2337 2013 2397 enim

114 2448 354 2508 tectum,
389 2438 710 2516 antiquitus
751 2437 1158 2506 constitutum,
1191 2438 1329 2515 plus
1373 2435 1531 2506 salis,
1564 2453 1745 2514 qusm
1782 2447 2013 2495 sumtus

113 2532 400 2592 habebat:
456 2532 520 2592 in
551 2552 670 2611 quo
699 2532 849 2590 nihil
879 2531 1283 2601 commutavit,
1315 2530 1429 2590 nisi
1460 2530 1511 2590 si
1540 2529 1687 2608 quid
1718 2541 2013 2591 vetustate

115 2641 348 2686 coactus
374 2639 484 2686 est.
563 2627 728 2686 Usus
757 2639 850 2685 est
869 2627 1115 2697 familis,
1135 2626 1187 2685 si
1207 2623 1462 2686 utilitate
1478 2624 1873 2705 judicandum
1900 2637 2011 2695 est,

117 2722 366 2800 optims3
409 2723 463 2781 si
495 2722 704 2792 forms,
737 2722 840 2781 vix
881 2721 1188 2781 mediocri.
1288 2721 1569 2799 Namque
1612 2721 1676 2778 in
1722 2741 1795 2780 es
1838 2731 2013 2780 erant

114 2817 280 2894 pueri
303 2818 740 2888 litteratissimi,
773 2829 1106 2896 anagnostae
1149 2817 1379 2895 optimi,
1408 2829 1470 2875 et
1500 2815 1741 2894 plurimi
1764 2814 2011 2884 librarii,

115 2922 178 2968 ut
202 2931 276 2971 ne
301 2913 668 2992 pedisequus
695 2911 942 2989 quidem
971 2910 1279 2988 quisquam
1306 2922 1485 2978 esset,
1514 2909 1617 2986 qui
1642 2927 1763 2965 non
1788 2919 2012 2966 utrum·
2066 2981 2081 2994 N

117 3023 226 3081 que
263 3009 478 3066 horum
525 3007 786 3087 pulchre,
815 3006 1014 3066 fecere
1059 3017 1297 3084 posset3
1348 3003 1479 3082 pari
1520 3001 1705 3061 modo
1724 3001 2012 3094 ,nificare

117 3102 308 3172 ceteri,
343 3122 495 3180 quos
546 3103 738 3160 cultus
781 3100 1140 3162 domesticus
1183 3098 1498 3167 desiderat,
1544 3096 1809 3176 apprime
1850 3096 2011 3156 boni.

115 3194 324 3273 Neque
359 3208 564 3256 tamen
595 3197 808 3255 horum
841 3213 1220 3274 quemquam,
1249 3191 1363 3250 nisi
1391 3191 1551 3250 domi
1581 3203 1789 3251 natum
1821 3191 2010 3250 domi·

113 3311 224 3367 que
253 3292 499 3362 fuctum,
524 3291 732 3358 habuit
749 3313 769 3352 ε
809 3292 972 3370 quod
1003 3302 1096 3350 est
1139 3290 1381 3368 signum
1425 3306 1547 3348 non
1590 3289 1784 3348 solum
1827 3289 2011 3349 conti-

113 3387 340 3456 nentiae,
363 3387 474 3445 sed
495 3387 680 3446 etiam
697 3385 1042 3465 diligentias.
1121 3383 1285 3444 Nam
1308 3396 1371 3443 et
1394 3404 1517 3444 non
1542 3384 2013 3465 intemperanter.

115 3487 551 3566 concupiscere,
585 3486 746 3564 quod
787 3503 824 3544 a
861 3482 1134 3564 plurimis
1173 3484 1397 3556 vidone,
1432 3485 1787 3544 continentis
1829 3485 2011 3543 debet

117 3577 278 3638 ducit
315 3593 380 3638 et
406 3581 605 3660 potius
632 3581 958 3660 diligentis,
979 3599 1160 3658 quam
1183 3578 1396 3659 pretio,
1417 3599 1646 3658 perere,
1673 3599 1795 3637 non
1820 3577 2005 3636 medi-

117 3675 258 3733 ocris
281 3687 373 3734 est
389 3675 713 3736 industrias.
793 3675 1082 3755 Elegsns,
1097 3693 1216 3733 non
1232 3674 1609 3752 magnificum
1642 3669 2007 3750 splendidus,

115 3787 224 3827 non
257 3779 632 3842 sumtuosus3
675 3770 838 3829 omni
863 3768 1172 3848 diligentis
1209 3766 1581 3838 munditiam,
1606 3784 1727 3825 non
1764 3761 2009 3822 affluen-
