2525 4409
683 132 718 152 l

667 351 1067 406 munoxon,
1095 350 1415 392 ιιι-οη.
1442 351 1507 402 1.,
1530 350 1599 392 ιι.
2012 338 2099 398 ’79

187 495 348 544 certe
389 483 534 542 licet
573 481 818 540 nemini.
915 480 1100 552 Quod
1135 492 1337 563 sutem
1374 481 1703 554 non‘licet„
1724 480 1789 540 id
1820 482 1937 541 hoo
1976 503 2099 542 uno

184 591 438 646 tenetur,
461 576 512 636 si
531 576 807 654 arguitur
833 596 949 634 non
973 576 1174 634 licere.
1255 575 1328 634 Id
1346 575 1399 650 si
1418 596 1531 654 neo
1550 578 1667 654 maj
1676 597 1743 636 us
1766 597 1881 634 nec
1902 578 2098 636 minus

183 693 450 750 unquam
483 671 612 730 fieri
645 683 844 748 potest
871 669 1178 750 (quoniam
1211 670 1275 728 in
1308 691 1381 730 eo
1414 683 1507 730 est
1539 684 1869 750 peccatum,
1898 672 1949 730 si
1974 693 2097 731 non

182 768 388 837 licuit3
428 765 589 843 quod
601 785 851 844 semper
877 785 1064 824 unum
1075 778 1145 825 et
1165 765 1327 824 idem
1354 764 1473 842 est)
1496 786 1629 844 quae
1652 786 1731 826 ex
1750 785 1825 826 eo
1846 780 2097 845 peecata

179 871 522 926 nascuntur,
564 857 818 934 aequalis.
870 857 986 916 sint
1034 869 1285 936 oportet.
1386 862 1485 916 21.
1525 857 1713 930 Quod
1752 859 1805 916 si
1846 859 2095 921 virtutes

181 973 362 1031 pares
409 965 549 1010 sunt
585 951 741 1010 inter
785 971 870 1021 se,
903 951 1072 1030 paria
1117 971 1248 1010 esse
1290 951 1469 1012 etiam
1512 952 1651 1010 vitis.
1694 973 1937 1012 necesse
1984 965 2093 1012 est.

180 1046 374 1124 Atqui
405 1065 583 1125 pares
629 1065 763 1106 esse
804 1035 1067 1116 virtutes,
1103 1067 1216 1105 nec
1246 1045 1407 1106 bono
1447 1047 1574 1106 viro
1620 1048 1949 1118 meliorem,
1982 1069 2094 1108 neo

182 1129 560 1220 temperante
586 1137 1132 1226 temperantiorem,
1159 1162 1275 1200 neo
1304 1142 1437 1200 forti
1456 1141 1781 1212 fortiorem,
1802 1163 1915 1202 nec
1940 1143 2092 1220 sapi-

179 1247 324 1308 ente
373 1233 794 1313 sapientiorem
842 1255 1018 1314 posse
1059 1236 1208 1304 fieri,
1242 1234 1529 1302 facillime
1576 1250 1777 1315 potest
1814 1237 2093 1315 perspici.

181 1331 288 1390 An
319 1329 516 1388 virum
553 1331 774 1388 bonum
807 1326 990 1399 dices,
1021 1330 1125 1408 qui
1152 1329 1489 1408 depositum
1522 1332 1685 1389 nullo
1717 1342 1885 1399 teste,
1912 1349 2095 1408 quum

180 1423 407 1482 lucrari
441 1422 688 1501 impune
729 1436 930 1502 posset
975 1425 1106 1484 auri
1151 1424 1352 1502 pondo
1399 1424 1629 1494 decem,
1662 1424 2007 1495 reddiderit,
2042 1425 2096 1484 si

179 1517 352 1576 idem
371 1517 433 1574 in
455 1518 666 1576 decem
691 1517 950 1576 millibus
975 1518 1176 1597 pondo
1203 1539 1323 1578 non
1352 1517 1515 1578 idem
1532 1519 1785 1578 fecerit?
1826 1531 1926 1578 aut
1951 1532 2097 1578 tem-

180 1625 494 1692 perantem
541 1633 698 1684 eum,
731 1613 834 1690 qui
871 1633 938 1672 se
981 1614 1040 1670 in
1089 1614 1291 1692 aliqua
1312 1613 1583 1672 ,libidine
1630 1613 1999 1684 continuerit,
2032 1614 2097 1672 in

183 1708 389 1784 aliqua
415 1707 733 1765 effuderit‘t
814 1711 910 1764 22.
945 1707 1084 1765 Una
1114 1708 1298 1766 virtus
1326 1720 1415 1765 est
1445 1709 1815 1766 consentiens
1844 1728 1981 1766 cum
2006 1727 2095 1766 ran

180 1802 352 1860 tione
381 1813 442 1858 et
466 1814 762 1881 perpetua
787 1801 1134 1860 constantia.
1217 1802 1387 1860 Nihil
1408 1802 1545 1860 huic
1570 1801 1713 1862 addi
1739 1815 1953 1880 potest,
1974 1822 2095 1881 quo

179 1895 378 1973 magis
397 1895 582 1955 virtus
610 1895 715 1954 sit:
751 1895 896 1953 nihil
916 1895 1098 1964 demi,
1122 1908 1186 1954 ut
1205 1897 1433 1959 virtutis
1460 1918 1681 1956 nomen
1707 1899 2093 1977 relinquatur.

181 1989 434 2050 Etenim
457 1990 678 2048 sibene
698 1989 855 2048 facta
873 2003 1036 2048 recte
1056 1990 1213 2048 facta
1235 2003 1391 2060 sunt,
1411 2004 1472 2048 et
1490 1992 1638 2050 nihil
1658 2007 1821 2052 recto
1843 1995 2093 2052 rectius:

181 2098 354 2144 certe
394 2104 472 2142 ne
506 2085 665 2142 bono
705 2083 946 2162 quidem
987 2083 1202 2142 melius
1243 2083 1561 2162 quidquam
1593 2086 1849 2144 inveniri
1882 2099 2095 2164 potest.

183 2179 475 2256 Sequitur
507 2179 708 2256 igitur,
737 2191 802 2236 ut
834 2178 1016 2237 etiam
1043 2177 1190 2236 vitia
1217 2177 1337 2236 sint
1366 2179 1566 2256 paris:
1608 2178 1659 2236 si
1688 2178 1929 2254 quidem
1961 2198 2095 2256 pra-

179 2275 402 2333 vitates
438 2273 616 2332 animi
649 2284 811 2330 recte
845 2272 988 2334 vitia
1015 2271 1314 2346 dicuntur.
1395 2270 1584 2350 Atqui
1612 2270 1889 2349 quoniam
1923 2287 2098 2350 pares

181 2369 439 2428 virtutes
479 2380 614 2426 sunt
630 2387 647 2438 3
696 2379 858 2425 recte
898 2367 1072 2442 faeta,
1116 2366 1399 2444 quoniam
1438 2387 1475 2425 a.
1512 2365 1825 2426 virtutibus
1865 2364 2095 2444 profici-

176 2475 455 2544 scuntur,
483 2461 806 2540 paria-esse
835 2461 1086 2522 debent:
1123 2460 1387 2538 itemque
1415 2472 1681 2540 peccata,
1710 2462 1989 2539 quoniam
2018 2480 2096 2520 ex

180 2557 347 2616 vitiis
373 2569 626 2625 manant,
655 2555 772 2614 sint
797 2556 1050 2632 aequalia
1077 2575 1325 2614 necesse
1352 2568 1477 2616 est«
1992 2575 2000 2580 ’

269 2746 356 2803 ΙΙ.
391 2750 488 2826 2ξ.
517 2745 574 2804 A
589 2745 969 2820 philosophis,
991 2744 1202 2823 inquit,
1222 2748 1337 2805 ista
1356 2748 1551 2806 sumis.
1632 2746 2001 2816 Metuebam‚
2020 2766 2096 2806 ne

187 2861 226 2898 a
245 2839 565 2914 lenonibus
586 2838 834 2898 diceres·
899 2839 1164 2900 Socrates
1184 2840 1523 2918 dnkputabat
1540 2841 1651 2896 isto
1678 2840 1865 2898 modo.
1928 2841 2097 2898 Bene

185 2935 439 2993 hercule
476 2953 694 2992 narras.
777 2933 952 2994 Nam.
970 2933 1148 2994 istum
1183 2933 1420 2997 doctum
1452 2944 1513 2992 et
1546 2931 1875 3010 sapientem
1909 2931 2099 2990 virum

187 3029 399 3098 fuisse,
433 3027 737 3104 memoriae
775 3028 1054 3088 traditum
1097 3041 1205 3090 est.
1286 3027 1413 3088 Sed
1444 3040 1645 3086 tamen
1679 3042 1882 3102 quaero
1922 3043 2000 3081 ex
2040 3036 2099 3082 te

191 3122 501 3200 (quoniam
518 3122 712 3182 verbis
733 3122 889 3182 inter
907 3143 1016 3185 nos
1038 3121 1463 3187 contendimus,
1480 3138 1599 3204 non
1614 3117 1883 3196 pugnis),
1902 3129 2101 3176 utrum

189 3218 269 3275 de
303 3217 480 3276 bonis
521 3230 614 3276 est
653 3216 1044 3301 quaerendum
1072 3215 1220 3291 quid
1252 3213 1439 3293 bajuli
1476 3225 1654 3289 atque
1695 3213 1969 3290 operarii,
2007 3233 2100 3284 an,

190 3311 340 3388 quid
373 3311 646 3396 homines
679 3309 1004 3372 doctissimi
1037 3307 1367 3368 senserint?
1408 3307 1737 3385 praesertim
1773 3329 1957 3385 quum
1989 3310 2101 3370 hac

185 3393 496 3464 sententia·
510 3427 628 3463 non
652 3406 829 3463 modo
848 3405 1066 3473 verior,
1088 3402 1194 3460 sed
1214 3422 1290 3459 ne
1312 3402 1512 3482 ntilior
1531 3403 1773 3480 quidem
1794 3405 2099 3476 hominum

187 3500 327 3558 vitae
370 3498 622 3576 reperiri
654 3500 775 3557 ulla
808 3498 1009 3576 possit.
1091 3495 1250 3566 Quae
1285 3496 1372 3554 vis
1411 3508 1503 3578 est
1534 3497 1713 3567 enim,
1741 3518 1871 3574 quse
1914 3496 2101 3573 magis

189 3607 396 3653 arceat
434 3593 708 3652 homines
752 3594 827 3651 ab
860 3591 1236 3670 improbitate
1278 3591 1458 3660 omni,
1489 3611 1663 3669 quem
1704 3591 1755 3648 si
1796 3590 2099 3658 senserint,

187 3690 424 3747 nullum
465 3688 526 3746 in
570 3687 802 3746 delictis
842 3708 974 3746 esse
1016 3685 1379 3746 discrimen'l
1424 3705 1597 3762 aeque
1638 3703 1890 3761 peccare
1931 3703 2017 3754 se,
2051 3683 2101 3742 si
