2525 4409
487 404 634 445 ειη
669 403 750 445 nn
788 402 1330 447 Amostae—cu.
1358 400 1553 456 xxvr„
1577 404 1781 445 xxvn.
2016 390 2097 447 67

455 535 730 611 Magnas
757 526 888 593 bero
915 554 1090 611 agere
1113 536 1351 611 gratias
1384 534 1579 595 Thais
1606 536 1754 593 mihi
1773 536 1801 594 2

163 627 326 686 Satis
353 643 490 690 erat
511 630 900 707 respondere,
923 630 1186 705 Magnas
1202 654 1228 697 ,·
1267 631 1538 705 ingentes,
1564 630 1771 707 inquit.
1841 631 2101 710 Semper

163 736 352 800 auget
388 738 735 783 assentator
760 724 842 795 id,
870 724 1029 801 quod
1056 726 1124 794 ie,
1154 726 1325 803 cujus
1358 724 1435 785 ad
1462 726 1829 783 voluntatem
1859 726 2096 795 dicitur,

160 819 292 875 vult
313 840 452 877 esse
476 840 785 897 magnum.
865 825 962 879 99.
991 820 1425 891 Quamobrem,
1447 820 1717 897 quamvis
1739 821 1962 879 blanda
1983 821 2099 879 ista

162 913 404 972 vanitas
435 915 603 993 apud
627 936 730 973 eos
751 916 964 983 valeat,
983 914 1086 993 qui
1106 914 1222 993 ipsi
1243 915 1407 972 illam
1437 916 1717 973 allectant
1740 929 1801 974 et
1820 915 2065 975 invitant
2076 940 2092 988 ;

162 1019 374 1067 tamen
411 1010 598 1067 etiam
635 1010 938 1088 graviores
972 1010 1513 1087 constantioresque
1548 1010 1907 1070 admonendi
1940 1026 2093 1082 sunt,

162 1114 232 1160 ut
275 1104 551 1162 animum
595 1105 915 1175 advertant,
949 1126 1028 1163 ne
1069 1104 1290 1165 callida
1335 1107 1728 1165 assentatione
1772 1108 2094 1185 capiantur.

161 1198 411 1276 Aperte
436 1200 600 1257 enim
622 1200 960 1258 adulantem
982 1221 1160 1258 nemo
1179 1220 1295 1257 non
1316 1199 1497 1269 videt,
1514 1200 1629 1259 nisi
1646 1202 1751 1278 qui
1774 1202 2096 1261 admodum

163 1307 260 1351 est
283 1314 542 1355 excors:
581 1294 828 1353 callidus
848 1296 952 1353 ille
975 1306 1034 1353 et
1056 1296 1321 1353 occultus
1346 1314 1425 1352 ne
1452 1316 1519 1352 se
1542 1294 1815 1363 insinuet,
1834 1296 2099 1353 studiose

165 1387 520 1447 cavendum
543 1401 649 1448 est.
727 1388 864 1447 Nec
885 1388 1044 1447 enim
1063 1388 1349 1447 facillime
1370 1388 1725 1466 agnoscitur,
1746 1389 1975 1467 quippe
1999 1387 2099 1467 qui

167 1479 364 1537 etiam
397 1479 770 1539 adversando
797 1500 958 1559 saepe
986 1491 1336 1550 assentetur,
1351 1492 1427 1551 et,
1439 1479 1678 1557 litigare
1704 1500 1769 1539 se
1798 1479 2099 1550 simulans,

165 1574 550 1645 blandiatur,
585 1588 760 1652 atque
809 1575 887 1635 ad
931 1587 1269 1633 extremum
1314 1574 1419 1633 det
1463 1595 1691 1645 manus,
1720 1575 1989 1652 vincique
2036 1596 2101 1634 se

168 1670 470 1747 patiatur3
509 1682 574 1727 ut
592 1669 663 1739 is,
684 1670 784 1747 qui
805 1670 1014 1729 illusus
1042 1669 1140 1740 sit,
1161 1671 1297 1748 plus
1320 1670 1539 1727 vidisse
1560 1670 1850 1739 videatur.
1932 1670 2102 1742 Quid

173 1778 386 1823 autem
405 1766 665 1843 turpius,
682 1786 862 1843 quam
883 1764 1050 1823 illudi
1074 1766 1097 1825 ‘l
1180 1764 1368 1837 Quod
1392 1786 1467 1823 ne
1498 1764 1745 1837 accidat,
1768 1766 2101 1825 cavendum

173 1872 283 1930 est,
308 1872 376 1919 ut
403 1861 468 1918 in
491 1861 816 1939 Epiclero:

245 1964 254 1971 ‘
419 1956 629 2016 Hodie
654 1977 742 2015 me
769 1967 902 2015 ante
927 1977 1114 2015 omnes
1139 1958 1380 2017 comicos
1404 1959 1611 2027 stultos
1635 1978 1791 2017 ten-es

435 2052 722 2121 Versarie,
745 2063 918 2129 atque
943 2053 1260 2110 emunxerit
1286 2054 1623 2111 lautissime.

179 2149 318 2205 100.
361 2146 528 2205 Haec
571 2146 729 2204 enim
765 2145 948 2205 etiam
981 2145 1043 2203 in
1076 2145 1295 2204 fabulis
1331 2146 1683 2204 stultissima
1712 2166 1973 2223 persona
2011 2159 2105 2205 est

177 2240 658 2320 improvidorum
701 2252 762 2299 et
809 2240 1193 2300 credulorum
1236 2260 1463 2299 senum.
1566 2239 1711 2309 Sed,
1746 2241 1947 2298 nescio
1986 2261 2107 2317 quo

179 2350 380 2413 pacto,
399 2337 482 2395 ab
501 2336 771 2395 amicitiis
787 2334 1194 2415 perfectorum
1210 2336 1528 2404 hominum,
1542 2334 1605 2393 id
1624 2346 1727 2404 est,
1746 2335 2106 2414 sapientium

185 2430 288 2507 (de
331 2433 448 2491 bac
491 2432 628 2491 dico
670 2431 978 2511 sapientia,
1013 2450 1146 2509 quae
1179 2431 1415 2489 videtur
1448 2430 1511 2489 in
1544 2430 1845 2490 hominem
1888 2431 2104 2491 cadere

183 2528 390 2605 posse)
416 2526 492 2587 ad
519 2528 684 2585 leves
711 2527 1001 2587 amicitias
1023 2526 1269 2585 deflexit
1296 2526 1505 2586 oratio.
1588 2526 2003 2597 Quamobrem
2030 2526 2106 2585 ad

184 2620 287 2679 illa
311 2624 512 2702 prima
535 2623 870 2693 redeamus,
893 2644 1081 2701 eaque
1111 2623 1242 2702 ipsa
1268 2622 1695 2683 concludamus
1726 2622 2063 2702 aliquando.

237 2816 250 2827 ’
267 2814 548 2874 XXVII.
589 2814 816 2883 Virtus,
861 2814 1062 2885 virtus,
1105 2814 1369 2891 inquam,
1416 2814 1487 2871 O.
1516 2813 1735 2883 Fanni,
1781 2827 1845 2871 et
1889 2828 1975 2883 tu,
2022 2814 2104 2885 Q.

190 2906 384 2977 Muci,
409 2921 473 2967 et
498 2908 776 2966 conciliat
803 2909 1106 2977 amicitias,
1131 2921 1192 2967 et
1219 2920 1548 2966 conservat.
1630 2906 1701 2963 In
1726 2925 1802 2964 ea
1830 2919 1921 2964 est
1946 2907 2107 2964 enim

190 3001 614 3063 convenientia
639 3020 860 3067 rerum,
881 3002 942 3058 in
973 3022 1044 3060 ea
1071 3003 1377 3070 stabilitas,
1400 3001 1463 3057 in
1492 3020 1565 3058 ea
1586 3000 1939 3058 constantia:
1976 3020 2107 3077 q‘uae

193 3122 335 3159 cum
369 3118 438 3157 se
467 3097 694 3166 extulit,
725 3109 786 3155 et
813 3098 1070 3156 ostendit
1096 3100 1301 3156 lumen
1336 3118 1528 3166 suum,
1556 3110 1619 3155 et
1644 3096 1809 3154 idem
1838 3097 2111 3175 adspexit

196 3194 562 3273 agnovitque
597 3192 658 3252 in
693 3191 826 3261 alio,
858 3191 932 3249 ad
960 3192 1023 3249 id
1053 3212 1118 3249 se
1153 3193 1447 3260 admovet,
1474 3191 1853 3269 vicissimque
1891 3193 2111 3273 accipit

198 3290 369 3361 illud,
389 3289 550 3368 quod
570 3290 628 3347 in
659 3290 848 3347 altero
869 3300 988 3358 est;
1025 3306 1104 3343 ex
1127 3308 1244 3364 quo
1266 3286 1609 3345 exardescit
1634 3288 1761 3346 sive
1782 3310 1963 3359 amor,
1982 3290 2109 3349 sive

202 3386 476 3444 amicitia.
557 3386 898 3461 Utrumque
926 3382 1086 3441 enim
1114 3381 1337 3442 dictum
1366 3396 1457 3441 est
1486 3384 1559 3441 ab
1588 3385 1873 3457 amando;
1910 3408 2111 3445 amare

204 3494 402 3539 autem
431 3480 580 3539 nihil
603 3479 766 3539 aliud
787 3492 895 3548 est,
915 3478 1026 3537 nisi
1049 3498 1185 3537 eum
1207 3478 1405 3556 ipsum
1430 3478 1701 3558 diligere,
1722 3502 1901 3559 quem
1927 3502 2110 3551 ames,

203 3576 369 3635 nulla
394 3576 744 3655 indigentia,
770 3576 932 3633 nulla
963 3574 1220 3636 utilitate
1248 3574 1531 3652 quaesitat
1579 3597 1713 3653 quae
1747 3590 1949 3634 tamen
1981 3576 2113 3654 ipsa

207 3670 522 3731 efflorescit
546 3692 628 3733 ex
657 3671 934 3741 amicitia,
963 3671 1146 3731 etiam
1175 3671 1228 3730 si
1252 3682 1319 3729 tu
1346 3690 1483 3728 eam
1512 3670 1707 3729 minus
1741 3684 1982 3729 secutus
2014 3673 2111 3731 sis.

211 3769 341 3825 101.
391 3767 529 3827 Hac
573 3787 683 3826 nos
737 3766 1146 3828 adolescentes
1189 3765 1602 3827 benevolentia
1645 3785 1821 3826 senes
1866 3766 1997 3826 illos
2040 3767 2113 3829 L.
