2525 4409
477 412 620 453 s1vs
654 408 737 452 nn
774 408 1323 452 Amemus—car.
1348 408 1455 462 κν,
1479 410 1594 451 111.
1916 396 2001 455 4⁹

85 561 212 599 mus
234 540 470 620 Papum
491 541 808 601 AEmilium
829 540 902 600 C.
921 540 1188 599 Luscino
1213 539 1575 599 familiarem
1602 540 1793 601 fimisse
1820 541 1937 621 (sic
1964 563 2003 635 a

84 637 346 715 patribus
367 638 752 717 accepimus),
770 638 864 696 bis
884 655 1008 697 una
1029 638 1327 705 consules,
1346 638 1605 715 collegas
1626 636 1689 697 in
1712 632 1997 710 censura}

83 744 208 791 tum
241 746 304 792 et
335 754 474 793 cum
502 734 578 793 iis
610 746 672 793 et
704 735 863 792 inter
893 753 962 792 se
995 732 1511 813 conjunctissimos
1538 731 1722 792 fuisse
1749 732 1859 793 Μ’.
1878 735 1998 794 Cu·

81 830 250 902 rium,
273 844 335 889 et
360 832 454 892 Ti.
475 830 940 901 Coruncanium,
959 828 1267 887 memoriae
1286 828 1591 907 proditum
1618 840 1728 887 est.
1802 830 1999 908 Igitur

82 946 157 983 ne
177 926 468 1006 suspicari
486 927 726 1004 quidem
745 944 1078 1006 possumus,
1099 944 1463 1002 quemquam
1478 925 1692 983 horum
1710 926 1786 984 ab
1804 925 1997 985 amico

83 1021 388 1101 quidpiam
415 1021 811 1092 contendisse,
833 1021 998 1100 quod
1023 1033 1230 1081 contra
1247 1020 1449 1090 fidem,
1470 1032 1679 1080 contra
1694 1021 1994 1099 jusjuran-

83 1115 237 1186 dum,
275 1130 484 1177 contra
525 1119 960 1197 rempublicam
1003 1129 1181 1176 esset.
1282 1116 1447 1175 Nam
1488 1118 1605 1176 hoc
1646 1116 1891 1193 quidem
1930 1117 1997 1177 in

80 1211 294 1271 talibus
327 1214 474 1271 viris
506 1214 652 1291 quid
685 1214 894 1273 attinet
925 1213 1150 1282 dicere,
1183 1212 1236 1270 si
1271 1212 1690 1280 contendisset,
1716 1213 1995 1290 impetra·

79 1317 282 1365 turum
313 1326 436 1365 non
463 1309 683 1379 fuisse;
727 1328 862 1367 cum
890 1309 982 1366 illi
1009 1308 1366 1367 sanctissimi
1390 1308 1503 1366 viri
1530 1308 1782 1378 fuerint3
1824 1326 1997 1383 aeque

77 1413 284 1459 autem
309 1402 481 1461 nefas
509 1403 604 1473 sit,
626 1404 748 1461 tale
779 1401 1003 1479 aliquid
1029 1414 1092 1460 et
1115 1402 1317 1460 facere
1344 1415 1621 1480 rogatum
1648 1415 1709 1459 et
1734 1402 1999 1478 rogare‘l

77 1496 164 1552 At
184 1516 330 1555 vero
356 1496 492 1556 Tib.
511 1497 857 1557 Gracchum
882 1496 1291 1574 sequebantur
1316 1497 1387 1557 C.
1405 1497 1627 1566 Carbo,
1649 1495 1720 1554 C.
1740 1496 1915 1566 Cato,
1938 1508 2002 1555 et

77 1592 328 1653 minime
355 1606 497 1653 tuuc
525 1594 772 1671 quidem
796 1594 984 1654 Caius
1010 1593 1218 1663 frater,
1239 1612 1399 1652 nunc
1426 1592 1591 1678 idem
1620 1590 1959 1651 acerrimus.

157 1782 306 1843 XII.
349 1788 445 1843 40.
477 1784 636 1843 Haec
655 1784 840 1864 igitur
857 1786 959 1843 lex
986 1785 1047 1844 in
1079 1783 1340 1844 amicitia
1366 1784 1682 1856 sanciatur,
1704 1796 1773 1843 ut
1798 1804 1999 1863 neque

82 1898 357 1957 rogemus
397 1900 496 1940 res
533 1894 760 1960 turpes,
793 1900 908 1939 nec
938 1880 1227 1939 faciamus
1272 1881 1483 1960 rogati.
1569 1880 1795 1961 Turpis
1834 1881 1996 1941 enim

85 1976 386 2034 excusatio
419 1990 530 2048 est,
559 1989 625 2035 et
655 1976 901 2035 minime
935 1976 1299 2055 accipienda,
1326 1998 1465 2035 cum
1498 1977 1561 2037 in
1596 1978 1815 2037 ceteris
1856 1998 1996 2056 pec·

83 2070 243 2140 catis,
287 2085 412 2130 tum
465 2073 516 2131 si
558 2072 688 2150 quis
737 2084 946 2131 contra
993 2074 1429 2152 rempublicam
1474 2094 1541 2133 se
1590 2074 1769 2133 amici
1814 2094 2000 2133 causa

84 2162 289 2225 fecisse
309 2167 589 2227 fateatur.
671 2168 916 2227 Etenim
939 2188 1016 2226 eo
1029 2169 1192 2237 loco,
1209 2168 1407 2226 Fanni
1424 2181 1487 2227 et
1506 2168 1795 2237 Scaevola,
1812 2169 2001 2227 locati

87 2277 298 2332 sumus,
337 2277 404 2323 ut
456 2284 564 2321 nos
609 2264 790 2343 longe
837 2262 1185 2342 prospicere
1231 2276 1508 2342 oporteat
1546 2263 1779 2321 futuros
1828 2282 2001 2321 casus

87 2355 447 2432 reipublicae.
531 2359 804 2418 Deflexit
825 2359 959 2438 jam
1003 2359 1436 2436 aliquantulum
1470 2358 1549 2417 de
1568 2358 1785 2437 spatio
1819 2358 2001 2416 curri-

87 2452 332 2530 culoque
348 2454 729 2515 consuetudo
745 2456 1062 2533 majorum.
1129 2456 1226 2512 41.
1257 2452 1393 2512 Tib.
1412 2453 1723 2513 Gracchus
1743 2461 2009 2532 regnum'

89 2562 372 2625 occupare
391 2562 638 2609 conatus
655 2563 762 2620 est,
772 2551 871 2609 vel
887 2550 1165 2629 regnavit
1179 2549 1229 2608 is
1248 2549 1493 2627 quidem
1511 2568 1731 2629 paucos
1746 2570 1998 2609 menses.

90 2636 250 2701 Num
272 2645 415 2721 quid
437 2644 636 2704 simile
661 2647 920 2724 populus
947 2646 1256 2705 Romanus
1284 2646 1569 2716 audierat,
1594 2658 1698 2706 aut
1723 2646 1998 2705 viderat'l

92 2731 266 2796 Hunc
297 2740 484 2800 etiam
519 2754 652 2820 post
683 2754 936 2801 mortem
969 2742 1159 2801 secuti
1193 2743 1369 2801 amici
1404 2756 1465 2801 et
1498 2742 1819 2821 propinqui
1855 2742 1999 2820 quid

89 2828 149 2887 in
171 2832 240 2893 P.
259 2836 604 2917 Scipionem
635 2837 962 2908 effecerint,
991 2838 1122 2896 sine
1149 2839 1413 2897 lacrimis
1440 2858 1561 2896 non
1588 2857 1745 2914 queo
1774 2837 2000 2895 dicere.

95 2924 244 2988 Nam
277 2932 642 3001 Carbonem,
669 2952 914 3010 quoquo
945 2933 1130 2992 modo
1161 2934 1481 3011 potuimus,
1508 2944 1755 3011 propter
1792 2950 1999 2988 recen-

93 3030 206 3081 tem
243 3044 494 3103 poeuam
527 3026 662 3084 Tib.
689 3026 969 3095 Gracchi,
1004 3027 1407 3087 sustinuimus.
1506 3026 1607 3085 De
1642 3025 1714 3085 C.
1744 3024 2005 3082 Gracchi

95 3130 290 3177 autem
319 3118 622 3177 tribunatu
647 3118 792 3196 quid
817 3134 1188 3198 exspectem,
1207 3142 1330 3180 non
1356 3122 1507 3180 libet
1534 3119 1846 3197 aug-ararit
1880 3138 2004 3177 ser-

93 3213 176 3288 pit
213 3216 374 3275 enim
418 3215 642 3275 deinde
677 3234 794 3285 res,
827 3236 961 3291 quse
1001 3216 1327 3295 proclivius
1368 3215 1445 3275 ad
1485 3214 1831 3294 perniciem,
1866 3235 2004 3274 cum

97 3313 277 3369 semel
305 3312 507 3392 coepit,
537 3312 774 3370 labitur.
853 3309 1088 3369 Videtis
1113 3310 1178 3369 in
1207 3312 1431 3371 tabella
1451 3312 1585 3391 jam
1620 3324 1759 3371 ante
1786 3325 2005 3391 quanta

101 3404 248 3468 facta
291 3412 367 3470 sit
407 3412 592 3481 labes,
625 3411 822 3491 primo
853 3408 1116 3469 Gabinia
1146 3411 1307 3488 lege,
1340 3408 1585 3469 biennio
1634 3423 1831 3469 autem
1872 3422 2005 3487 post

103 3500 319 3565 Cassia.
385 3508 612 3567 Videre
629 3506 759 3587 jam
780 3506 989 3566 videor
1009 3507 1319 3585 populum,
1340 3526 1377 3565 a
1395 3518 1603 3566 senatu
1624 3505 2003 3585 disjunctum,

107 3597 614 3679 multitudinisque
647 3591 1023 3661 arbitrioffes
1061 3600 1357 3659 maximas
1390 3600 1507 3678 agi.
1588 3599 1809 3658 Plures
1842 3596 2005 3655 enim

107 3684 340 3765 discent,
374 3695 878 3774 quemadmodum
917 3696 1048 3755 hoec
1086 3696 1250 3765 fiant,
1282 3714 1462 3773 quam
1500 3690 2009 3771 quemadmodum

105 3780 192 3843 his
215 3790 538 3851 resistatur.
619 3797 714 3851 42.
748 3790 1055 3863 Quorsum
1081 3790 1256 3853 haecl
1300 3788 1444 3868 quia
1468 3788 1599 3847 sine
1624 3785 1799 3846 sociis
1832 3804 2009 3845 nemo
