2525 4409
417 382 504 441 84
1118 393 1185 434 u.
1218 393 1280 434 T.
1315 391 1644 434 olen-nome

421 531 613 612 probi.
698 528 833 586 Nec
853 526 967 584 hoc
996 536 1117 583 tam
1144 545 1210 584 re
1238 536 1348 592 est,
1370 543 1548 600 quam
1571 521 1733 580 dictu
1755 520 2132 600 inopinatum
2165 534 2351 600 atque

422 623 713 684 mirabile.
796 621 939 680 Non
977 619 1137 677 enim
1164 618 1484 702 itadicunt
1515 637 1623 675 eos
1658 635 1792 676 esse
1825 637 2044 687 servos,
2075 631 2144 675 ut
2177 639 2350 675 man-

424 720 600 798 cipia,
638 737 770 796 quae
810 728 945 775 sunt
984 715 1364 773 dominorum
1403 713 1562 773 facta
1601 731 1781 784 nexu,
1826 725 1926 771 aut
1967 713 2171 790 aliquo
2199 715 2352 792 jure

425 814 626 872 civili:
688 809 815 882 sed,
863 811 915 869 si
962 809 1215 868 servitus
1275 809 1368 879 eit,
1417 808 1572 867 sicut
1632 820 1741 878 est,
1785 808 2125 866 obedientia
2173 808 2353 866 fracti

426 908 608 967 animi
648 919 823 984 atque
868 905 1081 984 abjecti
1120 915 1183 962 et
1230 903 1477 962 arbitrio
1515 902 1770 962 carentis
1813 923 1941 971 sue,
1969 903 2103 980 quie
2141 917 2349 982 neget,

428 1022 634 1092 omnes
682 1003 863 1071 leven,
898 1019 1103 1060 omnes
1160 999 1430 1080 cupidos,
1467 1018 1674 1057 omnes
1721 997 1980 1076 denique
2025 997 2349 1077 improbos,

424 1109 563 1156 ‘esse
591 1092 837 1156 servos?
2277 1104 2288 1116 ‘

428 1299 440 1306 '
508 1289 595 1347 II.
638 1294 731 1347 36.
766 1289 865 1346 An
888 1287 989 1344 ille
1010 1285 1156 1344 mihi
1176 1285 1348 1355 liber,
1371 1285 1471 1344 cui
1493 1285 1714 1344 mulier
1732 1284 2022 1363 imperati
2057 1285 2153 1343 cui
2171 1285 2348 1364 leges

430 1384 703 1462 imponit,
738 1381 1081 1462 praescribit,
1107 1381 1304 1459 jubet,
1337 1393 1512 1450 vetat,
1547 1379 1705 1458 quod
1737 1379 2014 1439 videtur!
2061 1381 2165 1458 qui
2197 1383 2347 1439 nihi]

429 1478 744 1556 imperanti
784 1495 1009 1555 negare
1050 1487 1261 1554 potest,
1292 1472 1438 1532 nihil
1476 1495 1756 1534 recusare
1799 1475 2019 1535 audet?
2099 1475 2349 1549 Poscit3

434 1573 698 1631 dandum
726 1584 844 1631 est:
873 1584 1070 1641 vocat3
1100 1569 1491 1629 veniendum:
1528 1571 1719 1650 ejicit;
1758 1571 2124 1638 abeundum:
2164 1573 2351 1630 mina-

433 1676 557 1737 tur3
595 1667 1128 1724 extimescendum.
1209 1666 1351 1744 Ego
1372 1683 1513 1723 vero
1531 1665 1706 1724 istum
1733 1687 1853 1724 non
1883 1667 2062 1724 modo
2090 1687 2351 1739 servum,

346 1764 362 1778 ⁴
436 1763 546 1819 sed
573 1762 1005 1838 nequissimum
1038 1778 1297 1830 servum,
1325 1761 1507 1820 etiam
1547 1761 1596 1819 si
1631 1761 1692 1818 in
1727 1761 2090 1840 amplissima
2121 1763 2356 1822 familia

436 1867 612 1912 natus
646 1856 741 1923 sit,
770 1855 1191 1934 appellandum
1219 1869 1386 1935 pute.
1467 1857 1668 1934 Atque
1698 1870 1763 1914 ut
1788 1857 1849 1915 in
1883 1877 2100 1936 magna
2125 1857 2356 1918 familia

436 1961 576 2008 eunt
606 1949 705 2007 alii
725 1949 1027 2020 lautiores,
1054 1962 1123 2008 ut
1148 1952 1260 2010 sibi
1283 1951 1576 2021 videntur,
1605 1951 1784 2022 servi,
1811 1949 1920 2011 sed
1947 1966 2149 2012 tamen
2175 1955 2354 2024 servi,

391 2045 403 2054 ⁸
436 2044 523 2104 eie
563 2045 615 2104 ii·
648 2031 781 2126 pari
826 2045 1073 2104 stultitia
1118 2059 1273 2115 eunt,
1310 2068 1458 2125 quos
1511 2048 1697 2126 signa,
1731 2068 1878 2125 quos
1925 2049 2168 2121 tabulae,
2207 2072 2356 2128 quos

438 2144 710 2201 caelatum
756 2154 1090 2221 argentum,
1119 2162 1269 2220 quos
1307 2140 1620 2201 Corinthia
1663 2160 1865 2222 opera,
1899 2165 2046 2220 quos
2096 2145 2355 2206 aedificia

436 2239 755 2317 magnifica
794 2237 983 2302 nimio
1029 2256 1211 2318 opere
1260 2235 1582 2299 delectant.
1681 2239 1766 2296 At
1809 2259 2019 2310 sumus,
2051 2231 2353 2319 inquiunt,

437 2335 692 2391 civitatis
714 2334 1023 2410 principes.
1104 2333 1238 2391 Vos
1267 2354 1409 2391 vero
1435 2353 1514 2391 ne
1541 2355 1850 2392 servorum
1871 2335 2116 2412 quidem
2139 2352 2354 2396 vestro·

436 2445 571 2483 rum
598 2427 913 2505 'principes
955 2416 1111 2486 estid.
1204 2434 1298 2487 37.
1343 2429 1466 2487 Sed
1500 2442 1565 2487 ut
1597 2429 1656 2486 in
1691 2429 1934 2500 familia,
1963 2431 2064 2508 qui
2099 2445 2356 2493 tractant

438 2520 569 2588 ista,
606 2520 709 2596 qui
750 2532 1006 2598 tergunt,
1044 2524 1146 2600 qui
1186 2538 1436 2603 ungunt,
1473 2525 1573 2602 qui
1614 2539 1874 2597 verrunt,
1904 2528 2005 2606 qui
2045 2544 2354 2610 spargunt,

438 2633 561 2674 non
584 2615 1061 2675 honestissimum
1082 2619 1284 2677 locum
1311 2620 1608 2678 servitutis
1635 2633 1876 2681 tenent:
1911 2623 1994 2682 sic
2017 2625 2075 2681 in
2099 2627 2353 2698 civitate,

440 2709 543 2784 qui
571 2730 637 2767 se
664 2709 908 2769 istarum
936 2731 1139 2771 rerum
1169 2713 1593 2792 cupiditatibus
1615 2715 1989 2788 dediderunt,
2013 2717 2202 2798 ipsius
2231 2744 2354 2780 ser-

438 2805 640 2864 vitutis
678 2807 874 2864 locum
920 2827 1093 2886 paene
1135 2807 1405 2868 infimum
1454 2811 1742 2871 obtinent.
1841 2815 2096 2890 Magna,
2140 2817 2352 2895 inquit,

438 2901 591 2961 bella
619 2903 817 2979 gessi:
863 2905 1099 2979 magnis
1131 2906 1393 2980 imperiis
1427 2915 1480 2964 et
1505 2909 1828 2982 provinciis
1853 2911 2092 2990 praefhi.
2185 2913 2352 2973 Gere
2373 2960 2390 2978 .

437 2997 622 3075 igitur
644 2997 904 3057 animum
922 2997 1099 3057 laude
1118 2999 1385 3077 dignum.
1447 3001 1731 3062 Echionis
1753 3005 1952 3064 tabula
1967 3019 2028 3065 te
2049 3009 2352 3087 stupidum

438 3088 683 3165 detinet,
716 3103 817 3154 aut
856 3094 1096 3175 signum
1130 3095 1374 3174 aliquod
1402 3097 1720 3176 Polycleti.
1803 3101 2000 3172 Mitto,
2030 3103 2194 3162 unde
2231 3127 2353 3164 sus-

436 3189 662 3259 tuleriS,
700 3202 760 3248 et
794 3190 1089 3267 quomodo
1121 3192 1361 3251 habeas·
1443 3193 1784 3253 Intuentem
1821 3208 1901 3267 te,
1933 3198 2350 3270 admirantem,

440 3282 729 3366 clamores
750 3284 1059 3345 tollentem
1082 3307 1266 3365 quum
1288 3286 1482 3360 video,
1500 3311 1732 3348 servum
1743 3305 1814 3374 ,tte
1837 3313 1970 3352 esse
1993 3292 2354 3373 ineptiarum

437 3375 703 3433 omnium
722 3375 947 3455 judico.
1021 3387 1117 3443 38.
1148 3385 1351 3443 Nonne
1370 3384 1558 3460 igitur
1577 3397 1709 3445 sunt
1728 3388 1842 3446 ista
1853 3388 2080 3467 festiva
2097 3391 2126 3448 ?
2201 3391 2352 3449 Sint.

438 3471 600 3531 Nam
628 3487 737 3530 nos
768 3493 1008 3552 quoque
1036 3480 1237 3537 oculos
1271 3479 1532 3539 eruditos
1561 3481 1870 3564 habemus,
1951 3483 2074 3542 Sed
2105 3485 2352 3544 obsecro

434 3577 515 3637 te,
537 3568 619 3626 ita
638 3580 890 3626 venusta
907 3569 1237 3631 habeantur
1265 3575 1394 3646 ista,
1417 3597 1537 3634 non
1566 3588 1635 3635 ut
1661 3576 1901 3636 vincula
1930 3578 2190 3638 virorum
2217 3581 2352 3650 sint,

436 3663 543 3720 sed
576 3675 641 3720 ut
688 3665 1121 3728 oblectamenta
1156 3688 1498 3748 puerorum.
1577 3671 1750 3744 Quid
1788 3673 1949 3730 enim
1987 3676 2246 3734 censes'l
2301 3675 2354 3734 si

439 3757 515 3814 L.
542 3757 867 3819 Mummius
910 3761 1173 3839 aliquem
1212 3768 1464 3826 istorum
1503 3767 1753 3840 videret,
1789 3766 2196 3830 matellionem
2231 3771 2352 3830 Co·
