2525 4409
670 416 816 457 mvn
851 414 932 457 na
966 400 1511 457 ‘smmum—cu.
1534 416 1605 457 11.
2006 402 2089 461 ³7

183 561 312 609 tem
345 559 406 606 et
438 547 740 625 appellant
773 557 836 603 et
869 544 1224 603 existimant.
1323 544 1729 605 Tribuebatur
1756 548 1873 606 hoo
1912 548 2095 607 modo

191 643 278 701 Μ.
296 641 546 701 Catoni:
587 640 808 698 scimus
837 640 908 698 L.
927 640 1180 699 Atilium
1207 639 1369 718 apud
1395 654 1595 719 patres
1624 655 1853 701 nostros
1887 645 2092 722 appel·

183 739 374 803 latum
405 756 540 795 esse
581 736 912 815 sapientem
928 758 944 807 3
987 735 1096 793 sed
1125 747 1379 813 uterque
1422 736 1539 795 alio
1570 737 1833 815 quodam
1870 738 2089 798 modoz

186 833 430 901 Atilius,
459 831 602 909 quia
625 830 892 909 prudens
920 850 1050 889 esse
1075 831 1138 887 in
1159 830 1303 909 jure
1336 830 1499 889 civili
1525 833 1875 911 putabatur3
1920 834 2091 903 Cute,

187 928 326 1005 quia
371 928 687 987 multarum
733 942 934 984 rerum
980 945 1156 983 usum
1190 925 1450 985 habebat
1492 926 1707 1005 (multa
1750 928 1881 1007 ejus
1925 942 1987 987 et
2028 929 2093 986 in

187 1039 416 1095 senatu,
445 1037 506 1083 et
533 1024 595 1081 in
621 1024 750 1081 foro
777 1025 872 1081 vel
898 1023 1138 1103 provisa
1160 1022 1505 1102 prudenter,
1532 1027 1629 1083 vel
1658 1039 1793 1085 acta
1824 1040 2091 1086 constan-

187 1132 297 1189 ter,
325 1122 418 1178 vel
445 1139 732 1197 responsa
772 1131 944 1177 acute
971 1118 1337 1194 ferebantur)
1358 1142 1375 1189 3
1416 1133 1735 1198 propterea
1760 1122 1927 1200 quasi
1953 1144 2089 1201 oog·

186 1234 406 1273 nomen
438 1215 568 1293 jam
607 1215 864 1273 habebat
903 1213 966 1270 in
1011 1225 1323 1271 senectute
1368 1213 1669 1291 sapientis.
1754 1217 1848 1273 Te
1892 1230 2093 1276 autem

190 1310 306 1368 alio
341 1308 600 1385 quodam
630 1306 824 1375 modO,
857 1326 976 1365 non
1007 1308 1200 1365 solum
1233 1320 1447 1365 natura
1478 1320 1539 1365 et
1571 1309 1853 1379 moribus,
1886 1331 2097 1369 verum

191 1404 377 1461 etiam
406 1400 604 1459 studio
625 1413 686 1457 et
707 1399 977 1459 doctrina
1003 1420 1131 1459 esse
1151 1401 1517 1479 sopientem3
1553 1421 1667 1461 neo
1694 1402 1847 1461 sicut
1864 1406 2096 1482 vulgus,

189 1497 300 1556 sed
330 1506 394 1554 ut
421 1494 642 1553 eruditi
669 1495 860 1554 solent
887 1497 1194 1574 appellare
1227 1496 1579 1574 sapientem,
1607 1498 1844 1573 qualem
1872 1498 1931 1555 in
1964 1500 2098 1557 reli-

193 1612 314 1671 qua
345 1591 584 1649 Graecia
617 1590 952 1662 neminem3
997 1596 1054 1648 7.
1087 1590 1272 1671 (nam,
1308 1591 1411 1669 qui
1442 1604 1675 1670 septem
1708 1594 2098 1672 appellantur,

193 1708 314 1756 eos,
343 1687 448 1765 qui
477 1686 594 1744 ista
614 1686 888 1744 subtilius
913 1699 1200 1763 quaerunt,
1227 1686 1291 1743 in
1318 1706 1570 1746 numero
1596 1687 1953 1766 sapientium
1979 1709 2100 1747 non

193 1782 474 1857 habent):
515 1781 770 1841 Athenis
797 1801 982 1839 unum
1011 1782 1373 1861 accepimus,
1398 1795 1460 1840 et
1486 1802 1624 1841 eum
1653 1781 1895 1860 quidem
1924 1784 2100 1843 etiam

193 1875 494 1955 Apollinis
526 1874 768 1933 oraculo
798 1873 1295 1952 sapientissimum
1317 1873 1657 1953 judicatum
1674 1876 1929 1945 3—hano
1963 1897 2099 1936 esse

193 1970 258 2029 in
282 1983 340 2028 te
361 1968 707 2049 sapientiam
731 1968 1084 2037 existimant,
1101 1981 1167 2027 ut
1185 1969 1387 2028 omnia
1408 1982 1513 2029 tua
1529 1969 1589 2029 in
1610 1983 1671 2029 te
1688 1971 1883 2049 posita
1898 1971 2099 2044 ducas,

193 2067 596 2142 humanosque
625 2084 795 2123 casus
816 2062 1032 2122 virtute
1051 2063 1365 2123 inferiores
1385 2076 1577 2141 putes.
1658 2064 1867 2142 Itaque
1896 2087 1975 2125 ex
2004 2087 2101 2126 me

197 2174 490 2241 quierunt,
513 2159 692 2219 oredo
716 2158 862 2217 item
891 2178 968 2217 ex
1021 2158 1310 2227 SoaevnIa,
1359 2178 1616 2236 quonam
1647 2172 1823 2237 pacto
1850 2174 2103 2219 mortem

195 2257 468 2323 Africani
500 2256 693 2321 ferasz
741 2274 937 2333 eoque
979 2254 1188 2332 magis,
1222 2253 1382 2332 quod
1416 2254 1509 2313 his
1551 2255 1845 2333 proximis
1887 2256 2103 2327 Nonis,

127 2408 134 2419 ,
198 2374 338 2415 oum
377 2354 440 2411 in
478 2353 676 2411 hortos
711 2351 790 2409 D.
811 2350 985 2409 Bruti
1027 2350 1291 2428 auguris,
1334 2350 1773 2409 commentandi
1813 2371 2007 2419 causa,
2040 2364 2105 2411 ut

200 2449 434 2516 assolet,
450 2446 839 2517 venissemus,
856 2459 917 2505 tu
944 2465 1064 2504 non
1092 2444 1327 2514 affuisti,
1346 2445 1449 2523 qui
1470 2444 1925 2524 diligentissime
1950 2466 2103 2505 sem-

201 2564 314 2624 per
338 2544 508 2600 illum
534 2542 714 2611 diem,
743 2554 804 2601 et
831 2542 981 2601 illud
1009 2561 1226 2601 munus
1255 2541 1465 2599 solitus
1492 2561 1653 2601 esses
1681 2542 1864 2603 obire.

281 2644 334 2697 8.
370 2639 683 2697 ScmvoLA.
723 2638 1020 2711 Quaerunt
1045 2636 1305 2715 quidem,
1335 2636 1406 2696 C.
1428 2638 1598 2707 Laeli,
1626 2638 1813 2707 multi,
1844 2650 1911 2698 ut
1943 2652 2037 2698 est
2070 2660 2107 2699 a

201 2734 434 2795 Fannio
462 2734 725 2794 diotumz
763 2732 870 2792 sed
899 2753 1014 2811 ego
1040 2732 1101 2791 id
1128 2733 1481 2812 respondem,
1511 2733 1670 2811 quod
1698 2734 2105 2805 animadverti,

199 2843 262 2891 te
291 2830 578 2899 dolorem,
605 2850 786 2908 quem
817 2828 1120 2906 acceperis
1147 2848 1281 2889 oum
1318 2828 1535 2887 summi
1562 2828 1691 2897 viri,
1718 2841 1845 2887 tum
1874 2830 2105 2889 amicis·

201 2926 334 2986 simi
359 2938 564 2993 morte,
584 2926 744 2983 ferre
770 2922 1109 2984 moderate:
1143 2942 1256 2981 neo
1286 2922 1551 3001 potuisse
1578 2942 1697 2980 non
1724 2924 2105 2994 commoveri,

199 3041 315 3079 nec
347 3019 530 3077 fuisse
564 3016 624 3075 id
651 3016 1028 3075 humanitatis
1066 3028 1220 3089 tuae3
1267 3016 1429 3093 quod
1464 3028 1665 3073 autem
1696 3016 1787 3073 his
1815 3016 2011 3073 Nonis
2044 3018 2107 3076 in

199 3128 404 3175 nostro
447 3110 702 3187 collegio
749 3126 868 3167 non
913 3108 1198 3179 affuisses,
1239 3110 1642 3169 valetudinem
1691 3128 1949 3179 causam,
1991 3130 2109 3169 non

201 3207 544 3271 moestitiam
570 3204 772 3263 fuisse.
1870 3202 1877 3209 ’

285 3305 558 3363 LAELmS.
601 3300 792 3358 Recte
819 3308 884 3355 tu
905 3294 1169 3375 quidem,
1194 3296 1487 3367 Scaevola,
1508 3308 1569 3355 et
1589 3318 1765 3358 vere:
1805 3318 1915 3358 nec
1946 3302 2105 3361 enim

205 3402 281 3459 ab
301 3400 415 3457 isto
435 3396 644 3466 officio,
662 3392 824 3474 quod
845 3411 1090 3471 semper
1114 3392 1415 3471 usurpavi,
1433 3413 1567 3451 cum
1588 3395 1864 3464 valerem,
1886 3398 2105 3456 abduci

203 3493 587 3555 incommodo
627 3510 766 3550 meo
798 3487 1017 3563 debui:
1059 3507 1172 3545 neo
1203 3488 1327 3547 ullo
1360 3508 1500 3547 casu
1537 3490 1787 3549 arbitror
1816 3491 1931 3549 hoc
1965 3512 2102 3550 con-

205 3591 386 3651 stanti
429 3586 652 3647 homini
694 3606 872 3666 posse
919 3584 1287 3662 contingere,
1329 3596 1397 3643 ut
1440 3587 1565 3645 ulla
1606 3586 1963 3646 intermissio
2008 3588 2107 3647 fiat

205 3687 402 3751 officii.
481 3691 536 3745 9.
573 3685 670 3746 Tu
699 3694 918 3752 autem,
941 3680 1156 3751 Fanni,
1179 3680 1285 3759 qui
1310 3681 1456 3739 mihi
1482 3694 1711 3741 tantum
1741 3681 1917 3742 tribui
1939 3681 2105 3753 dicis,

209 3794 496 3863 quantum
523 3800 640 3859 ego
667 3799 780 3839 neo
810 3798 1088 3859 agnosco,
1114 3798 1228 3839 nec
1253 3777 1511 3858 postulo,
1538 3775 1685 3837 facis
1713 3775 1938 3836 amice:
1978 3778 2105 3850 sed,
