2525 4409
459 357 546 416 44
1010 365 1078 408 u.
1111 365 1173 407 τ.
1205 361 1535 406 crcaaoms
1572 358 1834 410 nmmos,

461 499 728 580 Pylades
763 498 1040 556 Orestem
1081 515 1146 554 se
1189 515 1321 579 esse
1356 493 1601 559 diceret,
1629 503 1695 548 ut
1736 509 1849 568 pro
1882 488 1986 546 illo
2027 500 2377 558 necaretur-3

460 597 706 656 Orestes
739 606 957 661 autem,
987 591 1072 649 ita
1099 604 1162 648 ut
1197 602 1343 658 erat,
1370 588 1645 647 Orestem
1678 605 1745 642 se
1778 605 1913 642 esse
1944 584 2377 661 perseveraret.

463 692 703 749 Stantes
743 687 1110 766 plaudebant
1141 685 1202 742 iu
1242 704 1313 742 re
1346 683 1515 764 ficta:
1558 680 1700 759 quid
1738 679 2095 738 arbitramur
2129 677 2194 735 in
2236 697 2379 734 vera

461 786 645 845 fuisse
677 783 974 842 facturosl
1056 781 1265 840 Facile
1298 778 1599 838 indicabat
1630 777 1761 855 ipsa
1792 788 2003 833 natura
2032 774 2157 832 vim
2192 794 2379 842 suam,

465 901 602 940 cum
629 879 917 947 homines,
945 875 1106 953 quod
1133 876 1333 934 facere
1362 874 1480 952 ipsi
1512 893 1633 930 non
1666 882 1927 950 possent,
1954 870 2016 927 id
2048 881 2218 927 recte
2246 869 2379 928 fieri

463 975 526 1034 in
561 976 745 1034 altero
766 972 1126 1052 judicarent.
1207 969 1521 1028 Hactenus
1560 967 1707 1025 mihi
1736 965 1964 1034 videor,
1994 964 2071 1022 de
2114 964 2381 1022 amicitia

464 1070 610 1149 quid
626 1070 922 1136 sentirem,
943 1066 1204 1146 potuisse
1223 1064 1458 1124 dicere:
1494 1063 1681 1140 siqua
1695 1075 1991 1140 praeterea
2010 1072 2147 1118 sunt
2164 1060 2379 1138 (credo

465 1178 666 1225 autem
699 1186 831 1224 esse
865 1164 1099 1240 multa),
1129 1164 1204 1221 ab
1232 1161 1325 1230 iis,
1352 1161 1404 1220 si
1433 1159 1746 1229 videbitur,
1776 1158 1879 1236 qui
1906 1159 2023 1216 ista
2053 1157 2375 1236 disputant,

465 1261 792 1340 quaeritote.

543 1363 640 1416 25.
677 1358 974 1416 Fam-uus.
1016 1354 1148 1412 Nos
1177 1365 1377 1410 autem
1404 1372 1439 1409 a
1458 1363 1520 1410 te
1541 1351 1772 1429 potius:
1809 1369 2173 1427 quamquam
2197 1348 2373 1407 etiam

465 1455 540 1514 ab
563 1453 690 1512 istis
723 1472 882 1530 saepe
911 1448 1157 1528 quaesivi
1185 1460 1246 1506 et
1276 1447 1493 1514 audivi,
1518 1466 1637 1504 non
1664 1446 1885 1505 invitus
1910 1444 2229 1521 equidem:
2274 1443 2376 1502 sed

465 1549 628 1611 aliud
657 1548 956 1628 quoddam
983 1546 1152 1603 filum
1181 1542 1465 1602 orationis
1494 1555 1631 1601 tuae.

547 1645 864 1702 Somou.
915 1641 1074 1698 Tum
1121 1639 1309 1716 magis
1358 1637 1417 1694 id
1460 1637 1709 1706 diceres,
1745 1636 1957 1704 Fanni,
1997 1636 2045 1693 si
2086 1655 2277 1713 nuper
2318 1635 2377 1694 iu

465 1739 654 1797 hortis
687 1736 1010 1814 Scipionis,
1039 1755 1176 1792 cum
1209 1747 1302 1792 est
1335 1733 1412 1792 de
1447 1732 1787 1811 Republica
1818 1731 2202 1810 disputatum,
2230 1731 2375 1788 affu-

467 1833 651 1890 issest
699 1831 890 1908 qualis
923 1842 1048 1890 tum
1076 1843 1361 1907 patronus
1384 1828 1632 1908 justitiae
1658 1827 1771 1885 fuit
1804 1841 2011 1886 contra
2044 1839 2378 1885 accuratam

469 1927 800 1985 orationem
831 1925 1026 1984 Phili!

549 2022 852 2082 Finmus.
889 2020 1098 2080 Facile
1119 2019 1181 2078 id
1200 2019 1442 2098 quidem
1462 2019 1573 2078 fuit
1589 2019 1883 2098 justitiam
1902 2017 2234 2098 justissimo
2252 2018 2380 2076 viro
2415 2043 2423 2051 ·

469 2118 814 2178 defendere.
2182 2162 2185 2164 ,

549 2216 860 2276 δοΕνοιΑ.
904 2212 1076 2287 Quid
1099 2212 1457 2272 amicitiam‘l
1490 2232 1686 2270 nonne
1714 2211 1891 2270 facile
1918 2211 1993 2281 ei,
2014 2211 2117 2288 qui
2138 2211 2217 2269 ob
2246 2231 2381 2270 eam

469 2331 702 2370 summa
749 2311 891 2379 fide,
926 2290 1279 2378 coristantia,
1302 2308 1657 2388 justitiaque
1710 2321 2025 2380 servatam,
2061 2307 2383 2367 maximam

471 2407 724 2485 gloriam
750 2405 1020 2484 ceperit't

549 2595 734 2652 VIII.
777 2600 872 2654 26.
908 2595 1174 2654 LAELms.
1209 2595 1355 2654 Vim
1377 2597 1493 2655 hoc
1515 2596 1759 2673 quidem
1782 2609 1876 2655 est
1898 2597 2136 2655 afferre!
2214 2595 2386 2668 Quid

477 2691 636 2750 enim
657 2689 854 2761 refert,
874 2711 990 2768 qua
1013 2711 1110 2749 me
1137 2691 1371 2750 ratione
1392 2692 1657 2770 cogatis‘l
1732 2692 1965 2770 Cogitis
1994 2705 2171 2749 certe.
2250 2692 2387 2750 Stu-

473 2787 586 2846 diis
621 2787 780 2846 enim
823 2807 1197 2866 generorum,
1227 2788 1558 2865 praesertim
1592 2788 1651 2846 in
1686 2808 1761 2846 re.
1782 2789 1951 2857 bona,
1982 2807 2115 2846 cum
2144 2787 2389 2846 difficile

475 2899 582 2954 est,
611 2897 738 2942 tum
771 2904 848 2942 ne
883 2904 1120 2961 aequum
1149 2882 1416 2960 quidem,
1445 2883 1751 2942 obsistere.
1834 2883 2175 2960 Saepissime
2203 2883 2391 2962 igitur

475 2982 640 3051 mihi,
669 2979 744 3038 de
779 2979 1038 3037 amicitia
1073 2979 1372 3057 cogitanti,
1409 2973 1669 3036 maxime
1703 2979 1849 3037 illud
1887 2978 2390 3038 considerandum

473 3075 666 3136 videri
699 3079 866 3146 solet,
896 3089 1100 3134 utrum
1129 3087 1378 3153 propter
1409 3075 1875 3134 imbecillitatem
1910 3089 2090 3152 atque
2124 3075 2391 3153 inopiam

477 3173 814 3230 desiderata
833 3173 908 3230 sit
931 3171 1214 3241 amicitia3
1252 3171 1393 3228 utin
1414 3170 1624 3229 dandis
1640 3170 2122 3248 recipiendisque
2142 3171 2393 3240 meritis,

480 3266 640 3342 quod
675 3267 924 3341 quisque
967 3267 1160 3325 minus
1199 3286 1311 3345 per
1350 3286 1415 3324 se
1458 3266 1587 3344 ipse
1627 3279 1845 3344 posset,
1873 3265 1935 3322 id
1973 3265 2280 3343 acciperet
2322 3267 2395 3324 ab

482 3360 615 3426 alio,
634 3358 1006 3435 vicissimque
1033 3360 1347 3432 redderet;
1393 3381 1466 3419 an
1498 3373 1657 3420 esset
1674 3362 1787 3418 hoc
1810 3360 2054 3438 quidem
2080 3361 2397 3439 proprium

480 3453 778 3522 amicitiae,
813 3453 919 3511 sed
963 3453 1274 3532 antiquior,
1310 3469 1371 3515 et
1409 3456 1735 3536 pulchrior,
1769 3469 1833 3515 et
1873 3456 2063 3534 magis
2106 3476 2143 3513 a·
2181 3471 2401 3515 natura

481 3552 614 3632 ipsa
647 3549 918 3631 profecta
959 3549 1076 3608 alia
1115 3553 1337 3610 causa?
1418 3553 1609 3610 Amor
1648 3552 1827 3621 enim,
1864 3573 1941 3610 ex
1976 3571 2095 3628 quo
2137 3552 2403 3610 amicitia

479 3648 796 3716 nominata,
825 3646 1102 3726 princeps
1135 3660 1226 3706 est
1261 3647 1338 3706 ad
1370 3648 1849 3708 benevolentiam
1890 3649 2403 3728 conjungendam.

485 3745 646 3802 Nam
677 3743 954 3803 utilitates
977 3743 1218 3821 quidem
1247 3743 1427 3802 etiam
1456 3744 1531 3803 ab
1555 3743 1625 3802 iis
1645 3744 2061 3824 percipiuntur
2084 3763 2274 3824 saepe,
2299 3744 2404 3822 qui
