2525 4409
503 377 586 436 50
1053 391 1122 434 u.
1154 393 1214 436 r.
1249 391 1579 434 mosnoms
1614 391 1879 444 namne,

501 522 830 602 quidquam
863 524 984 582 tale
1017 537 1283 583 conatur.
1366 522 1853 603 Praecipiendum
1894 533 1988 582 est
2020 521 2203 600 igitur
2226 522 2421 593 bonis,

500 632 586 690 ut,
617 620 668 677 si
695 619 757 676 in
795 619 1091 697 ejusmodi
1122 620 1409 678 amicitias
1442 619 1638 698 ignari
1672 639 1813 678 casu
1848 619 2047 697 aliquo
2080 619 2422 689 inciderint,

500 735 578 772 ne
619 715 979 785 existiment,
1007 715 1092 773 ita
1129 735 1196 774 se
1240 715 1531 793 alligatos,
1562 727 1627 774 ut
1660 717 1735 774 ab
1771 715 1976 774 amicis
2010 714 2071 772 in
2111 717 2424 792 republica

501 813 892 891 peccantibus
919 815 1037 870 non
1067 812 1391 871 discedant.
1474 811 1772 890 Improbis
1801 823 2005 870 autem
2032 831 2215 889 poena
2242 823 2421 870 statu·

501 907 660 966 enda
693 921 813 979 est3
857 929 971 966 nec
1005 927 1146 966 vero
1179 908 1377 966 minor
1410 907 1501 977 iis,
1544 907 1651 984 qui
1690 909 1879 966 secuti
1920 918 2097 964 erunt
2146 906 2421 976 alterum,

502 1023 680 1082 quam
714 1004 806 1073 iis,
836 1003 940 1082 qui
967 1003 1080 1082 ipsi
1112 1003 1335 1062 fuerint
1366 1002 1685 1082 impietatis
1720 1001 1923 1060 duces.
2005 1000 2165 1072 Quis
2206 1002 2424 1060 clarior

501 1099 566 1158 in
595 1099 838 1158 Graecia
867 1098 1315 1158 Themistoclel
1358 1099 1491 1176 quis
1524 1098 1871 1176 potentior?
1910 1096 2036 1176 qui,
2065 1117 2203 1154 cum
2234 1096 2313 1154 im
2318 1117 2422 1174 pe·

501 1208 664 1254 rator
691 1196 855 1254 bello
878 1195 1128 1254 Persico
1153 1193 1443 1252 servitute
1470 1194 1769 1252 Graeciam
1798 1194 2129 1261 liberasset,
2152 1204 2421 1271 propter·

503 1311 622 1368 que
657 1290 940 1349 invidiam
975 1291 1038 1348 in
1078 1290 1358 1348 exsilium
1394 1290 1558 1359 isset,
1594 1289 1842 1368 ingratae
1884 1289 2093 1368 patriae
2136 1288 2420 1366 injuriam

499 1407 618 1445 non
659 1387 810 1456 tulit,
853 1406 1028 1464 quam
1077 1385 1236 1444 ferre
1288 1384 1532 1443 debuit:
1588 1385 1733 1443 fecit
1782 1378 1963 1454 idem,
1998 1383 2158 1462 quod
2211 1383 2421 1461 viginti

501 1482 666 1541 annis
717 1495 852 1540 ante
904 1481 1068 1560 apud
1107 1500 1216 1538 nos
1263 1479 1493 1538 fecerat
1535 1479 1914 1539 Coriolanus.
2013 1479 2131 1538 His
2178 1478 2420 1557 adjutor

499 1590 705 1636 contra
748 1576 1002 1656 patriam
1045 1576 1325 1634 inventus
1370 1587 1461 1634 est
1500 1595 1713 1635 nemo:
1762 1575 1963 1653 itaque
2002 1587 2261 1633 mortem
2306 1573 2418 1632 sibi
2512 1625 2514 1644 2

499 1685 748 1748 uterque
778 1672 1076 1731 conscivit.
1159 1675 1256 1728 43.
1293 1670 1505 1741 Quare
1526 1671 1659 1730 talis
1680 1671 2085 1750 improborum
2107 1670 2421 1728 consensio

498 1786 618 1824 non
643 1767 822 1824 modo
840 1767 1224 1824 excusatione
1243 1766 1518 1824 amicitiae
1542 1761 1803 1844 tegenda
1821 1787 1937 1824 non
1960 1779 2069 1835 est,
2090 1764 2197 1848 sed
2215 1766 2419 1844 potius

501 1862 663 1918 omni
707 1861 1003 1938 supplicio
1045 1860 1433 1932 vindicanda3
1494 1875 1559 1920 ut
1602 1883 1680 1920 ne
1726 1862 1859 1940 quis
1904 1861 2021 1919 sibi
2066 1881 2421 1940 concessum

497 1971 670 2036 putet
693 1958 966 2028 amicum,
988 1960 1086 2016 vel
1107 1959 1329 2017 bellum
1352 1959 1559 2037 patriae
1580 1959 1949 2028 inferentem,
1970 1957 2160 2036 sequi.
2228 1957 2421 2030 Quod

497 2053 758 2131 quidem,
783 2067 850 2112 ut
875 2074 970 2114 res
999 2053 1180 2132 coepit
1207 2043 1317 2122 ire,
1346 2052 1506 2112 haud
1533 2055 1675 2123 scio,
1700 2074 1773 2114 an
1802 2052 2123 2134 aliquando
2148 2051 2421 2112 futurum

495 2149 606 2208 siti
662 2150 807 2208 mihi
847 2163 1054 2210 autem
1095 2170 1210 2208 non
1253 2149 1469 2208 minori
1503 2170 1663 2208 curae
1696 2163 1805 2219 est,
1842 2149 2035 2226 qualis
2075 2149 2421 2226 respublica

494 2257 628 2322 post
653 2257 908 2302 mortem
937 2264 1135 2302 meam
1161 2243 1363 2301 futura
1388 2243 1481 2312 sit,
1512 2263 1691 2320 quam
1720 2243 1913 2320 qualis
1940 2241 2121 2300 hodie
2156 2242 2249 2300 sit.

575 2435 756 2494 XIII.
801 2440 896 2493 44.
931 2436 1092 2494 Haec
1118 2435 1307 2514 igitur
1338 2436 1533 2514 prima
1556 2437 1657 2492 lex
1692 2435 1968 2494 amicitiae
2002 2435 2326 2504 sanciatur,
2354 2447 2419 2494 ut

497 2529 574 2588 ab
595 2530 800 2590 amicis
819 2531 1068 2589 honesta
1088 2543 1385 2608 petamus,
1405 2530 1733 2588 amicorum
1764 2549 1945 2588 causa
1964 2531 2213 2588 honesta
2232 2531 2417 2590 facia-

495 2644 664 2684 mus:
717 2645 794 2684 ne
837 2638 1252 2704 exspectemus
1292 2626 1554 2703 quidem,
1590 2625 1733 2685 dum
1774 2645 2095 2704 rogemur3
2144 2626 2417 2684 studium

495 2741 738 2800 semper
777 2720 944 2790 adsit,
981 2720 1277 2778 cunctatio
1316 2721 1503 2792 absit3
1558 2721 1870 2779 consilium
1903 2740 2047 2778 vero
2083 2719 2227 2778 dare
2272 2742 2419 2799 gau-

446 2830 459 2847 ‘
495 2817 742 2876 deamus
783 2816 990 2875 libere.
1089 2817 1434 2876 Plurimum
1476 2818 1539 2874 in
1580 2817 1845 2877 amicitia
1890 2818 2220 2876 amicorum
2256 2819 2417 2877 bene

489 2914 867 2974 suadentium
893 2914 1091 2973 valeat
1118 2912 1455 2982 auctoritas,
1484 2934 1677 2991 eaque
1704 2926 1767 2971 et
1793 2913 2145 2972 adhibeatur
2178 2912 2261 2970 ad
2290 2935 2415 2973 mo·

490 3011 754 3069 nendum
785 3030 902 3068 non
929 3009 1109 3067 modo
1137 3021 1366 3087 aperte,
1394 3009 1505 3067 sed
1532 3010 1714 3068 etiam
1745 3010 1980 3080 acriter,
2008 3009 2058 3068 si
2084 3029 2179 3067 res
2206 3023 2416 3087 postu-

488 3105 666 3178 labit3
711 3119 774 3164 et
807 3105 1086 3164 adhibitae
1122 3117 1419 3184 pareatur.
1516 3109 1613 3163 45.
1659 3105 1820 3164 Nam
1853 3104 2229 3182 quibusdam,
2264 3126 2411 3184 quos

491 3201 672 3259 audio
705 3202 1006 3279 sapientes
1036 3201 1269 3260 habitos
1296 3201 1361 3258 in
1382 3201 1639 3271 Graenia,
1662 3200 1959 3280 placuisse
1989 3199 2199 3279 opinor
2234 3200 2411 3260 mira·

487 3295 637 3353 bilia
678 3297 952 3372 quaedam
997 3297 1130 3376 (sed
1165 3298 1312 3356 nihil
1346 3309 1453 3369 est,
1484 3298 1646 3376 quod
1678 3298 1765 3356 illi
1806 3319 1925 3357 non
1970 3311 2413 3378 persequantur

489 3389 608 3446 suis
639 3391 943 3468 argutiis):
986 3393 1204 3471 partim
1231 3393 1549 3472 fugiendas
1580 3415 1715 3454 esse
1746 3394 1960 3454 nimias
1992 3394 2311 3464 amicitias,
2339 3415 2417 3453 ne

489 3504 739 3546 necesse
779 3484 856 3542 sit
895 3506 1080 3545 unum
1121 3489 1441 3548 sollicitum
1474 3509 1607 3550 esse
1640 3511 1753 3570 pro
1786 3491 2089 3568 pluribus3
2134 3491 2285 3556 satis
2320 3511 2414 3549 su-

486 3601 720 3662 perque
741 3600 874 3640 esse
896 3601 1138 3641 suarum
1159 3585 1379 3662 cuique
1406 3605 1645 3656 rerum3
1686 3586 1891 3645 alienis
1913 3585 2087 3644 nimis
2108 3585 2417 3664 implicari

484 3677 808 3736 molestum·
835 3697 970 3736 esse
999 3700 1013 3736 :
1071 3680 1618 3739 commodissimum
1662 3701 1815 3752 esse,
1850 3700 2031 3758 quam
2064 3679 2417 3740 laxissimas

484 3771 746 3830 habenas
772 3773 994 3832 habere
1025 3772 1321 3844 amicitiae,
1346 3795 1495 3852 quas
1522 3777 1620 3834 vel
1649 3775 1932 3845 adducas,
1956 3795 2091 3833 cum
2121 3776 2293 3846 velis,
2318 3779 2420 3835 vel
