<?xml version="1.0" encoding="UTF-8"?>
<!DOCTYPE html PUBLIC "-//W3C//DTD XHTML 1.0 Transitional//EN"
    "http://www.w3.org/TR/xhtml1/DTD/xhtml1-transitional.dtd">
<html xmlns="http://www.w3.org/1999/xhtml" xml:lang="en" lang="en">
 <head>
  <title>
</title>
<meta http-equiv="Content-Type" content="text/html;charset=utf-8" />
  <meta name='ocr-system' content='tesseract 3.04.00' />
  <meta name='ocr-capabilities' content='ocr_page ocr_carea ocr_par ocr_line ocrx_word'/>
</head>
<body>
  <div class='ocr_page' id='page_1' title='image "./desenectutedeam02anthgoog_0049.png"; bbox 0 0 2525 4409; ppageno 0'>
   <div class='ocr_carea' id='block_1_1' title="bbox 559 407 2059 494">
    <p class='ocr_par' dir='ltr' id='par_1_1' title="bbox 559 407 2059 494">
     <span class='ocr_line' id='line_1_1' title="bbox 559 407 2059 494; baseline 0.002 -30"><span class='ocrx_word' id='word_1_1' title='bbox 559 421 700 464; x_wconf 66' lang='lat' dir='ltr'><strong>sive</strong></span> <span class='ocrx_word' id='word_1_2' title='bbox 735 421 818 494; x_wconf 74' lang='lat' dir='ltr'><strong>ps</strong></span> <span class='ocrx_word' id='word_1_3' title='bbox 857 419 1232 464; x_wconf 68' lang='lat' dir='ltr'><strong>stunc-rurs·</strong></span> <span class='ocrx_word' id='word_1_4' title='bbox 1236 420 1479 464; x_wconf 70' lang='lat' dir='ltr'><strong>..--on</strong></span> <span class='ocrx_word' id='word_1_5' title='bbox 1506 419 1639 464; x_wconf 71' lang='grc' dir='ltr'><strong>κα.</strong></span> <span class='ocrx_word' id='word_1_6' title='bbox 1974 407 2059 467; x_wconf 75' lang='lat'><strong>25</strong></span> 
     </span>
    </p>
   </div>
   <div class='ocr_carea' id='block_1_2' title="bbox 117 552 2059 1394">
    <p class='ocr_par' dir='ltr' id='par_1_2' title="bbox 134 552 2059 1394">
     <span class='ocr_line' id='line_1_2' title="bbox 148 552 2059 632; baseline 0 -20"><span class='ocrx_word' id='word_1_7' title='bbox 148 554 453 614; x_wconf 81' lang='lat' dir='ltr'><strong>sollicitam</strong></span> <span class='ocrx_word' id='word_1_8' title='bbox 473 555 700 614; x_wconf 86' lang='lat' dir='ltr'><strong>habere</strong></span> <span class='ocrx_word' id='word_1_9' title='bbox 729 566 994 612; x_wconf 87' lang='lat' dir='ltr'><strong>nostram</strong></span> <span class='ocrx_word' id='word_1_10' title='bbox 1020 563 1254 612; x_wconf 84' lang='lat' dir='ltr'><strong>aetatem</strong></span> <span class='ocrx_word' id='word_1_11' title='bbox 1277 552 1530 622; x_wconf 83' lang='lat' dir='ltr'><strong>videtur,</strong></span> <span class='ocrx_word' id='word_1_12' title='bbox 1554 553 2059 632; x_wconf 79' lang='lat' dir='ltr'>appropinquatio</span> 
     </span>
     <span class='ocr_line' id='line_1_3' title="bbox 117 644 2056 728; baseline 0.001 -21.015"><span class='ocrx_word' id='word_1_13' title='bbox 117 644 378 710; x_wconf 82' lang='lat' dir='ltr'><strong>mortis:</strong></span> <span class='ocrx_word' id='word_1_14' title='bbox 429 672 564 728; x_wconf 84' lang='lat' dir='ltr'><strong>quae</strong></span> <span class='ocrx_word' id='word_1_15' title='bbox 606 665 770 709; x_wconf 88' lang='lat' dir='ltr'><strong>certe</strong></span> <span class='ocrx_word' id='word_1_16' title='bbox 805 670 842 708; x_wconf 90' lang='lat' dir='ltr'><strong>a</strong></span> <span class='ocrx_word' id='word_1_17' title='bbox 872 663 1182 708; x_wconf 85' lang='lat' dir='ltr'><strong>senectute</strong></span> <span class='ocrx_word' id='word_1_18' title='bbox 1223 669 1347 706; x_wconf 88' lang='lat' dir='ltr'><strong>non</strong></span> <span class='ocrx_word' id='word_1_19' title='bbox 1378 663 1579 727; x_wconf 89' lang='lat' dir='ltr'><strong>potest</strong></span> <span class='ocrx_word' id='word_1_20' title='bbox 1612 651 1787 728; x_wconf 86' lang='lat' dir='ltr'><strong>longe</strong></span> <span class='ocrx_word' id='word_1_21' title='bbox 1828 651 2056 709; x_wconf 86' lang='lat' dir='ltr'><strong>abesse.</strong></span> 
     </span>
     <span class='ocr_line' id='line_1_4' title="bbox 143 744 2053 822; baseline 0.001 -20"><span class='ocrx_word' id='word_1_22' title='bbox 143 744 196 802; x_wconf 93' lang='grc' dir='ltr'>Ο</span> <span class='ocrx_word' id='word_1_23' title='bbox 215 747 498 804; x_wconf 88' lang='lat' dir='ltr'><strong>miserum</strong></span> <span class='ocrx_word' id='word_1_24' title='bbox 528 767 752 816; x_wconf 88' lang='lat' dir='ltr'><strong>senem,</strong></span> <span class='ocrx_word' id='word_1_25' title='bbox 771 746 872 822; x_wconf 90' lang='lat' dir='ltr'><strong>qui</strong></span> <span class='ocrx_word' id='word_1_26' title='bbox 894 758 1144 803; x_wconf 89' lang='lat' dir='ltr'><strong>mortem</strong></span> <span class='ocrx_word' id='word_1_27' title='bbox 1169 746 1661 803; x_wconf 81' lang='lat' dir='ltr'>contemnendam</span> <span class='ocrx_word' id='word_1_28' title='bbox 1690 765 1821 804; x_wconf 87' lang='lat' dir='ltr'><strong>esse</strong></span> <span class='ocrx_word' id='word_1_29' title='bbox 1843 745 1901 804; x_wconf 85' lang='lat' dir='ltr'><strong>in</strong></span> <span class='ocrx_word' id='word_1_30' title='bbox 1932 759 2053 804; x_wconf 87' lang='lat' dir='ltr'><strong>tam</strong></span> 
     </span>
     <span class='ocr_line' id='line_1_5' title="bbox 143 841 2053 920; baseline 0.001 -24"><span class='ocrx_word' id='word_1_31' title='bbox 143 841 318 920; x_wconf 84' lang='lat' dir='ltr'><strong>longa</strong></span> <span class='ocrx_word' id='word_1_32' title='bbox 344 856 527 902; x_wconf 80' lang='lat' dir='ltr'><strong>aetate</strong></span> <span class='ocrx_word' id='word_1_33' title='bbox 556 863 674 900; x_wconf 91' lang='lat' dir='ltr'><strong>non</strong></span> <span class='ocrx_word' id='word_1_34' title='bbox 695 841 940 900; x_wconf 80' lang='lat' dir='ltr'><strong>viderit!</strong></span> <span class='ocrx_word' id='word_1_35' title='bbox 981 861 1112 917; x_wconf 80' lang='lat' dir='ltr'><strong>quae</strong></span> <span class='ocrx_word' id='word_1_36' title='bbox 1143 853 1244 898; x_wconf 91' lang='lat' dir='ltr'><strong>aut</strong></span> <span class='ocrx_word' id='word_1_37' title='bbox 1272 842 1453 918; x_wconf 85' lang='lat' dir='ltr'><strong>plane</strong></span> <span class='ocrx_word' id='word_1_38' title='bbox 1483 841 1843 919; x_wconf 80' lang='lat' dir='ltr'><strong>negligenda</strong></span> <span class='ocrx_word' id='word_1_39' title='bbox 1870 855 1977 910; x_wconf 88' lang='lat' dir='ltr'><strong>est,</strong></span> <span class='ocrx_word' id='word_1_40' title='bbox 2002 842 2053 899; x_wconf 90' lang='lat' dir='ltr'><strong>si</strong></span> 
     </span>
     <span class='ocr_line' id='line_1_6' title="bbox 143 936 2053 1017; baseline 0.001 -23"><span class='ocrx_word' id='word_1_41' title='bbox 143 938 382 996; x_wconf 86' lang='lat' dir='ltr'><strong>omnino</strong></span> <span class='ocrx_word' id='word_1_42' title='bbox 417 939 746 1017; x_wconf 76' lang='lat' dir='ltr'><strong>exstinguit</strong></span> <span class='ocrx_word' id='word_1_43' title='bbox 779 937 1044 995; x_wconf 85' lang='lat' dir='ltr'><strong>animum</strong></span> <span class='ocrx_word' id='word_1_44' title='bbox 1062 959 1077 1008; x_wconf 81' lang='lat'>3</span> <span class='ocrx_word' id='word_1_45' title='bbox 1123 949 1224 995; x_wconf 90' lang='lat' dir='ltr'><strong>aut</strong></span> <span class='ocrx_word' id='word_1_46' title='bbox 1257 936 1438 994; x_wconf 86' lang='lat' dir='ltr'><strong>etiam</strong></span> <span class='ocrx_word' id='word_1_47' title='bbox 1468 937 1745 1016; x_wconf 83' lang='lat' dir='ltr'><strong>optanda,</strong></span> <span class='ocrx_word' id='word_1_48' title='bbox 1773 939 1823 996; x_wconf 89' lang='lat' dir='ltr'><strong>si</strong></span> <span class='ocrx_word' id='word_1_49' title='bbox 1852 939 2053 1016; x_wconf 81' lang='lat' dir='ltr'><strong>aliquo</strong></span> 
     </span>
     <span class='ocr_line' id='line_1_7' title="bbox 141 1032 2051 1110; baseline 0.002 -21"><span class='ocrx_word' id='word_1_50' title='bbox 141 1051 272 1090; x_wconf 88' lang='lat' dir='ltr'><strong>eum</strong></span> <span class='ocrx_word' id='word_1_51' title='bbox 295 1032 558 1104; x_wconf 83' lang='lat' dir='ltr'><strong>deducit,</strong></span> <span class='ocrx_word' id='word_1_52' title='bbox 577 1034 682 1092; x_wconf 91' lang='lat' dir='ltr'><strong>ubi</strong></span> <span class='ocrx_word' id='word_1_53' title='bbox 705 1033 784 1092; x_wconf 87' lang='lat' dir='ltr'><strong>sit</strong></span> <span class='ocrx_word' id='word_1_54' title='bbox 801 1032 1036 1091; x_wconf 79' lang='lat' dir='ltr'><strong>futurus</strong></span> <span class='ocrx_word' id='word_1_55' title='bbox 1063 1044 1338 1090; x_wconf 81' lang='lat' dir='ltr'><strong>aeternus.</strong></span> <span class='ocrx_word' id='word_1_56' title='bbox 1422 1032 1606 1110; x_wconf 89' lang='lat' dir='ltr'><strong>Atqui</strong></span> <span class='ocrx_word' id='word_1_57' title='bbox 1628 1034 1865 1092; x_wconf 88' lang='lat' dir='ltr'><strong>tertium</strong></span> <span class='ocrx_word' id='word_1_58' title='bbox 1888 1048 2051 1093; x_wconf 83' lang='lat' dir='ltr'><strong>certe</strong></span> 
     </span>
     <span class='ocr_line' id='line_1_8' title="bbox 137 1113 2051 1281; baseline 0.003 -99"><span class='ocrx_word' id='word_1_59' title='bbox 137 1126 280 1185; x_wconf 86' lang='lat' dir='ltr'><strong>nihil</strong></span> <span class='ocrx_word' id='word_1_60' title='bbox 308 1129 563 1187; x_wconf 84' lang='lat' dir='ltr'><strong>inveniri</strong></span> <span class='ocrx_word' id='word_1_61' title='bbox 593 1113 876 1281; x_wconf 48' lang='lat' dir='ltr'><strong>PotQ</strong></span> <span class='ocrx_word' id='word_1_62' title='bbox 889 1133 984 1186; x_wconf 89' lang='grc'><strong>67.</strong></span> <span class='ocrx_word' id='word_1_63' title='bbox 1019 1126 1190 1199; x_wconf 83' lang='lat' dir='ltr'><strong>Quid</strong></span> <span class='ocrx_word' id='word_1_64' title='bbox 1219 1127 1403 1204; x_wconf 82' lang='lat' dir='ltr'><strong>igitur</strong></span> <span class='ocrx_word' id='word_1_65' title='bbox 1429 1127 1691 1199; x_wconf 88' lang='lat' dir='ltr'><strong>timeam,</strong></span> <span class='ocrx_word' id='word_1_66' title='bbox 1719 1129 1769 1186; x_wconf 89' lang='lat' dir='ltr'><strong>si</strong></span> <span class='ocrx_word' id='word_1_67' title='bbox 1799 1143 1901 1187; x_wconf 89' lang='lat' dir='ltr'><strong>aut</strong></span> <span class='ocrx_word' id='word_1_68' title='bbox 1932 1150 2051 1187; x_wconf 88' lang='lat' dir='ltr'><strong>non</strong></span> 
     </span>
     <span class='ocr_line' id='line_1_9' title="bbox 137 1221 2053 1302; baseline 0.002 -23"><span class='ocrx_word' id='word_1_69' title='bbox 137 1221 314 1280; x_wconf 86' lang='lat' dir='ltr'><strong>miser</strong></span> <span class='ocrx_word' id='word_1_70' title='bbox 342 1237 478 1302; x_wconf 88' lang='lat' dir='ltr'><strong>post</strong></span> <span class='ocrx_word' id='word_1_71' title='bbox 506 1238 780 1292; x_wconf 87' lang='lat' dir='ltr'><strong>mortem,</strong></span> <span class='ocrx_word' id='word_1_72' title='bbox 805 1244 838 1281; x_wconf 88' lang='lat' dir='ltr'><strong>a</strong></span> <span class='ocrx_word' id='word_1_73' title='bbox 879 1236 906 1280; x_wconf 89' lang='lat' dir='ltr'><strong>t</strong></span> <span class='ocrx_word' id='word_1_74' title='bbox 925 1224 1133 1281; x_wconf 89' lang='lat' dir='ltr'><strong>beatus</strong></span> <span class='ocrx_word' id='word_1_75' title='bbox 1163 1221 1346 1279; x_wconf 84' lang='lat' dir='ltr'><strong>etiam</strong></span> <span class='ocrx_word' id='word_1_76' title='bbox 1367 1221 1603 1282; x_wconf 82' lang='lat' dir='ltr'><strong>futurus</strong></span> <span class='ocrx_word' id='word_1_77' title='bbox 1632 1225 1807 1282; x_wconf 62' lang='lat' dir='ltr'><strong>sumi</strong></span> <span class='ocrx_word' id='word_1_78' title='bbox 1849 1245 2053 1302; x_wconf 86' lang='lat' dir='ltr'><strong>quam-</strong></span> 
     </span>
     <span class='ocr_line' id='line_1_10' title="bbox 134 1315 2055 1394; baseline 0.001 -20"><span class='ocrx_word' id='word_1_79' title='bbox 134 1337 314 1394; x_wconf 89' lang='lat' dir='ltr'><strong>quam</strong></span> <span class='ocrx_word' id='word_1_80' title='bbox 345 1318 481 1394; x_wconf 88' lang='lat' dir='ltr'><strong>quis</strong></span> <span class='ocrx_word' id='word_1_81' title='bbox 509 1331 600 1376; x_wconf 90' lang='lat' dir='ltr'><strong>est</strong></span> <span class='ocrx_word' id='word_1_82' title='bbox 625 1331 745 1375; x_wconf 89' lang='lat' dir='ltr'><strong>tam</strong></span> <span class='ocrx_word' id='word_1_83' title='bbox 773 1319 1009 1386; x_wconf 87' lang='lat' dir='ltr'><strong>stultus,</strong></span> <span class='ocrx_word' id='word_1_84' title='bbox 1037 1315 1309 1394; x_wconf 84' lang='lat' dir='ltr'><strong>quamvis</strong></span> <span class='ocrx_word' id='word_1_85' title='bbox 1344 1316 1419 1373; x_wconf 86' lang='lat' dir='ltr'><strong>sit</strong></span> <span class='ocrx_word' id='word_1_86' title='bbox 1455 1315 1825 1386; x_wconf 85' lang='lat' dir='ltr'><strong>adolescens,</strong></span> <span class='ocrx_word' id='word_1_87' title='bbox 1856 1319 1953 1376; x_wconf 87' lang='lat' dir='ltr'><strong>cui</strong></span> <span class='ocrx_word' id='word_1_88' title='bbox 1980 1319 2055 1376; x_wconf 86' lang='lat' dir='ltr'><strong>sit</strong></span> 
     </span>
    </p>
   </div>
   <div class='ocr_carea' id='block_1_3' title="bbox 22 1410 2051 1585">
    <p class='ocr_par' dir='ltr' id='par_1_3' title="bbox 22 1410 2051 1585">
     <span class='ocr_line' id='line_1_11' title="bbox 25 1410 2051 1492; baseline 0.001 -24"><span class='ocrx_word' id='word_1_89' title='bbox 25 1441 75 1490; x_wconf 60' lang='lat' dir='ltr'><strong>u</strong></span> <span class='ocrx_word' id='word_1_90' title='bbox 92 1413 540 1492; x_wconf 39' lang='lat' dir='ltr'><strong>mezploratum,</strong></span> <span class='ocrx_word' id='word_1_91' title='bbox 581 1431 648 1469; x_wconf 87' lang='lat' dir='ltr'><strong>se</strong></span> <span class='ocrx_word' id='word_1_92' title='bbox 693 1410 768 1470; x_wconf 84' lang='lat' dir='ltr'><strong>ad</strong></span> <span class='ocrx_word' id='word_1_93' title='bbox 790 1431 1104 1489; x_wconf 86' lang='lat' dir='ltr'><strong>vesperum</strong></span> <span class='ocrx_word' id='word_1_94' title='bbox 1128 1431 1260 1468; x_wconf 88' lang='lat' dir='ltr'><strong>esse</strong></span> <span class='ocrx_word' id='word_1_95' title='bbox 1277 1410 1613 1469; x_wconf 63' lang='lat' dir='ltr'><strong>victurum?</strong></span> <span class='ocrx_word' id='word_1_96' title='bbox 1682 1411 1849 1482; x_wconf 85' lang='lat' dir='ltr'><strong>Quin</strong></span> <span class='ocrx_word' id='word_1_97' title='bbox 1874 1412 2051 1470; x_wconf 87' lang='lat' dir='ltr'><strong>etiam</strong></span> 
     </span>
     <span class='ocr_line' id='line_1_12' title="bbox 22 1498 2051 1585; baseline -0.001 -19"><span class='ocrx_word' id='word_1_98' title='bbox 22 1530 40 1566; x_wconf 78' lang='lat'><strong>.=</strong></span> <span class='ocrx_word' id='word_1_99' title='bbox 79 1498 276 1564; x_wconf 74' lang='lat' dir='ltr'><strong>&#39;&#39;aetas</strong></span> <span class='ocrx_word' id='word_1_100' title='bbox 308 1505 416 1562; x_wconf 83' lang='lat' dir='ltr'><strong>illa</strong></span> <span class='ocrx_word' id='word_1_101' title='bbox 451 1507 637 1565; x_wconf 89' lang='lat' dir='ltr'><strong>multo</strong></span> <span class='ocrx_word' id='word_1_102' title='bbox 671 1507 892 1585; x_wconf 88' lang='lat' dir='ltr'><strong>plures,</strong></span> <span class='ocrx_word' id='word_1_103' title='bbox 917 1525 1094 1582; x_wconf 86' lang='lat' dir='ltr'><strong>quam</strong></span> <span class='ocrx_word' id='word_1_104' title='bbox 1134 1517 1355 1574; x_wconf 85' lang='lat' dir='ltr'><strong>nostra,</strong></span> <span class='ocrx_word' id='word_1_105' title='bbox 1384 1506 1589 1564; x_wconf 88' lang='lat' dir='ltr'><strong>mortis</strong></span> <span class='ocrx_word' id='word_1_106' title='bbox 1630 1525 1803 1564; x_wconf 84' lang='lat' dir='ltr'><strong>casus</strong></span> <span class='ocrx_word' id='word_1_107' title='bbox 1835 1508 2051 1566; x_wconf 86' lang='lat' dir='ltr'><strong>habet:</strong></span> 
     </span>
    </p>
   </div>
   <div class='ocr_carea' id='block_1_4' title="bbox 21 1600 2050 3772">
    <p class='ocr_par' dir='ltr' id='par_1_4' title="bbox 131 1600 2050 2039">
     <span class='ocr_line' id='line_1_13' title="bbox 131 1600 2050 1680; baseline 0.003 -23"><span class='ocrx_word' id='word_1_108' title='bbox 131 1601 372 1660; x_wconf 85' lang='lat' dir='ltr'><strong>facilius</strong></span> <span class='ocrx_word' id='word_1_109' title='bbox 409 1600 470 1658; x_wconf 91' lang='lat' dir='ltr'><strong>in</strong></span> <span class='ocrx_word' id='word_1_110' title='bbox 513 1603 750 1660; x_wconf 79' lang='lat' dir='ltr'>morbos</span> <span class='ocrx_word' id='word_1_111' title='bbox 785 1600 1059 1660; x_wconf 86' lang='lat' dir='ltr'><strong>incidunt</strong></span> <span class='ocrx_word' id='word_1_112' title='bbox 1099 1600 1541 1671; x_wconf 80' lang='lat' dir='ltr'><strong>adolescentes3</strong></span> <span class='ocrx_word' id='word_1_113' title='bbox 1586 1602 1825 1680; x_wconf 82' lang='lat' dir='ltr'><strong>gravius</strong></span> <span class='ocrx_word' id='word_1_114' title='bbox 1865 1623 2050 1680; x_wconf 84' lang='lat' dir='ltr'><strong>aegro-</strong></span> 
     </span>
     <span class='ocr_line' id='line_1_14' title="bbox 133 1697 2049 1776; baseline 0.001 -22"><span class='ocrx_word' id='word_1_115' title='bbox 133 1709 288 1770; x_wconf 81' lang='lat' dir='ltr'><strong>tant3</strong></span> <span class='ocrx_word' id='word_1_116' title='bbox 333 1697 560 1755; x_wconf 84' lang='lat' dir='ltr'><strong>tristius</strong></span> <span class='ocrx_word' id='word_1_117' title='bbox 587 1711 887 1756; x_wconf 80' lang='lat' dir='ltr'><strong>curantur.</strong></span> <span class='ocrx_word' id='word_1_118' title='bbox 969 1697 1182 1774; x_wconf 87' lang='lat' dir='ltr'><strong>Itaque</strong></span> <span class='ocrx_word' id='word_1_119' title='bbox 1205 1697 1386 1776; x_wconf 88' lang='lat' dir='ltr'><strong>pauci</strong></span> <span class='ocrx_word' id='word_1_120' title='bbox 1408 1697 1655 1755; x_wconf 86' lang='lat' dir='ltr'><strong>veniunt</strong></span> <span class='ocrx_word' id='word_1_121' title='bbox 1682 1697 1757 1756; x_wconf 91' lang='lat' dir='ltr'><strong>ad</strong></span> <span class='ocrx_word' id='word_1_122' title='bbox 1782 1711 2049 1756; x_wconf 88' lang='lat' dir='ltr'><strong>senectu-</strong></span> 
     </span>
     <span class='ocr_line' id='line_1_15' title="bbox 135 1791 2047 1871; baseline 0.001 -21"><span class='ocrx_word' id='word_1_123' title='bbox 135 1805 284 1853; x_wconf 87' lang='lat' dir='ltr'><strong>tem·</strong></span> <span class='ocrx_word' id='word_1_124' title='bbox 328 1792 490 1869; x_wconf 89' lang='lat' dir='ltr'><strong>quod</strong></span> <span class='ocrx_word' id='word_1_125' title='bbox 513 1793 575 1851; x_wconf 88' lang='lat' dir='ltr'><strong>ui</strong></span> <span class='ocrx_word' id='word_1_126' title='bbox 600 1793 680 1851; x_wconf 86' lang='lat' dir='ltr'><strong>ita</strong></span> <span class='ocrx_word' id='word_1_127' title='bbox 703 1792 1018 1860; x_wconf 87' lang='lat' dir='ltr'><strong>accideret,</strong></span> <span class='ocrx_word' id='word_1_128' title='bbox 1036 1793 1248 1850; x_wconf 85' lang='lat' dir='ltr'><strong>melius</strong></span> <span class='ocrx_word' id='word_1_129' title='bbox 1270 1805 1331 1850; x_wconf 90' lang='lat' dir='ltr'><strong>et</strong></span> <span class='ocrx_word' id='word_1_130' title='bbox 1354 1791 1705 1871; x_wconf 87' lang='lat' dir='ltr'><strong>prudentius</strong></span> <span class='ocrx_word' id='word_1_131' title='bbox 1725 1793 2047 1852; x_wconf 82' lang='lat' dir='ltr'><strong>viveretur.</strong></span> 
     </span>
     <span class='ocr_line' id='line_1_16' title="bbox 21 1887 2046 2042; baseline 0.001 -96.122"><span class='ocrx_word' id='word_1_132' title='bbox 21 1887 424 2042; x_wconf 47' lang='grc' dir='ltr'><strong>ῐηῇἓῖέᾶ</strong></span> <span class='ocrx_word' id='word_1_133' title='bbox 381 1889 503 1946; x_wconf 88' lang='lat' dir='ltr'><strong>nim</strong></span> <span class='ocrx_word' id='word_1_134' title='bbox 554 1901 613 1947; x_wconf 87' lang='lat' dir='ltr'><strong>et</strong></span> <span class='ocrx_word' id='word_1_135' title='bbox 653 1889 830 1986; x_wconf 87' lang='lat' dir='ltr'><strong>ratio</strong></span> <span class='ocrx_word' id='word_1_136' title='bbox 857 1899 919 1946; x_wconf 88' lang='lat' dir='ltr'><strong>et</strong></span> <span class='ocrx_word' id='word_1_137' title='bbox 947 1887 1327 1956; x_wconf 87' lang='lat' dir='ltr'><strong>consilium,</strong></span> <span class='ocrx_word' id='word_1_138' title='bbox 1310 1908 1371 1946; x_wconf 87' lang='lat' dir='ltr'><strong>m</strong></span> <span class='ocrx_word' id='word_1_139' title='bbox 1412 1889 1651 1947; x_wconf 84' lang='lat' dir='ltr'><strong>senibus</strong></span> <span class='ocrx_word' id='word_1_140' title='bbox 1692 1902 1815 1948; x_wconf 88' lang='lat' dir='ltr'><strong>est.</strong></span> <span class='ocrx_word' id='word_1_141' title='bbox 1860 1891 1961 1968; x_wconf 86' lang='lat' dir='ltr'><strong>qui</strong></span> <span class='ocrx_word' id='word_1_142' title='bbox 1997 1891 2046 1948; x_wconf 86' lang='lat' dir='ltr'><strong>si</strong></span> 
     </span>
    </p>

    <p class='ocr_par' dir='ltr' id='par_1_5' title="bbox 127 1933 2047 3772">
     <span class='ocr_line' id='line_1_17' title="bbox 321 1933 2045 2136; baseline 0.001 -94"><span class='ocrx_word' id='word_1_143' title='bbox 321 2004 480 2042; x_wconf 80' lang='lat' dir='ltr'><strong>uisse</strong></span> <span class='ocrx_word' id='word_1_144' title='bbox 525 1997 566 2052; x_wconf 92' lang='lat' dir='ltr'><strong>t,</strong></span> <span class='ocrx_word' id='word_1_145' title='bbox 585 1933 830 2041; x_wconf 74' lang='lat' dir='ltr'><strong>nuilae</strong></span> <span class='ocrx_word' id='word_1_146' title='bbox 785 2005 822 2041; x_wconf 94' lang='lat' dir='ltr'><strong>o</strong></span> <span class='ocrx_word' id='word_1_147' title='bbox 887 2003 924 2040; x_wconf 90' lang='lat' dir='ltr'><strong>n</strong></span> <span class='ocrx_word' id='word_1_148' title='bbox 949 2004 1026 2041; x_wconf 90' lang='lat' dir='ltr'><strong>no</strong></span> <span class='ocrx_word' id='word_1_149' title='bbox 1107 1980 1333 2134; x_wconf 51' lang='lat' dir='ltr'><strong>vitat?</strong></span> <span class='ocrx_word' id='word_1_150' title='bbox 1337 1997 1575 2136; x_wconf 54' lang='grc' dir='ltr'><strong>θξξθψ.</strong></span> <span class='ocrx_word' id='word_1_151' title='bbox 1606 1985 1947 2081; x_wconf 57' lang='lat' dir='ltr'><strong>§adfegipo</strong></span> <span class='ocrx_word' id='word_1_152' title='bbox 1969 1987 2045 2047; x_wconf 83' lang='lat' dir='ltr'><strong>ad</strong></span> 
     </span>
     <span class='ocr_line' id='line_1_18' title="bbox 131 1910 2043 2159; baseline 0 -22"><span class='ocrx_word' id='word_1_153' title='bbox 131 2095 374 2140; x_wconf 86' lang='lat' dir='ltr'><strong>mortem</strong></span> <span class='ocrx_word' id='word_1_154' title='bbox 235 1910 1333 2159; x_wconf 52' lang='lat' dir='ltr'><strong>impendentemdffi‘u?</strong></span> <span class='ocrx_word' id='word_1_155' title='bbox 1392 2003 1669 2136; x_wconf 59' lang='lat' dir='ltr'><strong>{crimen</strong></span> <span class='ocrx_word' id='word_1_156' title='bbox 1702 2083 2043 2148; x_wconf 72' lang='lat' dir='ltr'><strong>senectutiS,</strong></span> 
     </span>
     <span class='ocr_line' id='line_1_19' title="bbox 133 2099 2045 2236; baseline -0.002 -2"><span class='ocrx_word' id='word_1_157' title='bbox 133 2197 262 2235; x_wconf 89' lang='lat' dir='ltr'><strong>cum</strong></span> <span class='ocrx_word' id='word_1_158' title='bbox 292 2177 442 2236; x_wconf 86' lang='lat' dir='ltr'><strong>illud</strong></span> <span class='ocrx_word' id='word_1_159' title='bbox 473 2176 730 2234; x_wconf 79' lang='lat' dir='ltr'><strong>videatis</strong></span> <span class='ocrx_word' id='word_1_160' title='bbox 759 2195 895 2233; x_wconf 87' lang='lat' dir='ltr'><strong>cum</strong></span> <span class='ocrx_word' id='word_1_161' title='bbox 925 2099 1396 2232; x_wconf 45' lang='lat' dir='ltr'><strong>adolescentia&amp;</strong></span> <span class='ocrx_word' id='word_1_162' title='bbox 1356 2193 1489 2232; x_wconf 88' lang='lat' dir='ltr'><strong>esse</strong></span> <span class='ocrx_word' id='word_1_163' title='bbox 1518 2174 1871 2232; x_wconf 49' lang='lat' dir='ltr'><strong>commune}</strong></span> <span class='ocrx_word' id='word_1_164' title='bbox 1953 2179 2045 2231; x_wconf 87' lang='grc'><strong>68.</strong></span> 
     </span>
     <span class='ocr_line' id='line_1_20' title="bbox 132 2267 2047 2351; baseline -0.003 -22"><span class='ocrx_word' id='word_1_165' title='bbox 132 2271 299 2330; x_wconf 87' lang='lat' dir='ltr'><strong>Sensi</strong></span> <span class='ocrx_word' id='word_1_166' title='bbox 328 2294 446 2351; x_wconf 87' lang='lat' dir='ltr'><strong>ego</strong></span> <span class='ocrx_word' id='word_1_167' title='bbox 477 2291 610 2330; x_wconf 88' lang='lat' dir='ltr'><strong>cum</strong></span> <span class='ocrx_word' id='word_1_168' title='bbox 637 2271 698 2328; x_wconf 86' lang='lat' dir='ltr'><strong>in</strong></span> <span class='ocrx_word' id='word_1_169' title='bbox 727 2270 957 2350; x_wconf 87' lang='lat' dir='ltr'><strong>optimo</strong></span> <span class='ocrx_word' id='word_1_170' title='bbox 983 2269 1108 2326; x_wconf 83' lang='lat' dir='ltr'><strong>filio</strong></span> <span class='ocrx_word' id='word_1_171' title='bbox 1142 2287 1297 2337; x_wconf 85' lang='lat' dir='ltr'><strong>mee,</strong></span> <span class='ocrx_word' id='word_1_172' title='bbox 1326 2281 1455 2326; x_wconf 89' lang='lat' dir='ltr'><strong>tum</strong></span> <span class='ocrx_word' id='word_1_173' title='bbox 1482 2268 1543 2324; x_wconf 84' lang='lat' dir='ltr'><strong>in</strong></span> <span class='ocrx_word' id='word_1_174' title='bbox 1577 2268 1937 2344; x_wconf 84' lang='lat' dir='ltr'><strong>exspectatis</strong></span> <span class='ocrx_word' id='word_1_175' title='bbox 1970 2267 2047 2324; x_wconf 87' lang='lat' dir='ltr'><strong>ad</strong></span> 
     </span>
     <span class='ocr_line' id='line_1_21' title="bbox 132 2361 2045 2446; baseline -0.002 -22"><span class='ocrx_word' id='word_1_176' title='bbox 132 2369 560 2446; x_wconf 77' lang='lat' dir='ltr'><strong>amplissimam</strong></span> <span class='ocrx_word' id='word_1_177' title='bbox 587 2366 938 2445; x_wconf 88' lang='lat' dir='ltr'><strong>dignitatem</strong></span> <span class='ocrx_word' id='word_1_178' title='bbox 964 2363 1244 2422; x_wconf 86' lang='lat' dir='ltr'><strong>fratribus</strong></span> <span class='ocrx_word' id='word_1_179' title='bbox 1273 2362 1409 2433; x_wconf 85' lang='lat' dir='ltr'><strong>tuis,</strong></span> <span class='ocrx_word' id='word_1_180' title='bbox 1440 2361 1665 2441; x_wconf 82' lang='lat' dir='ltr'><strong>Scipio,</strong></span> <span class='ocrx_word' id='word_1_181' title='bbox 1696 2362 1857 2419; x_wconf 87' lang='lat' dir='ltr'><strong>omni</strong></span> <span class='ocrx_word' id='word_1_182' title='bbox 1886 2363 2045 2421; x_wconf 82' lang='lat' dir='ltr'><strong>aetati</strong></span> 
     </span>
     <span class='ocr_line' id='line_1_22' title="bbox 131 2457 2043 2538; baseline -0.002 -19"><span class='ocrx_word' id='word_1_183' title='bbox 131 2477 374 2522; x_wconf 83' lang='lat' dir='ltr'><strong>mortem</strong></span> <span class='ocrx_word' id='word_1_184' title='bbox 409 2482 552 2522; x_wconf 88' lang='lat' dir='ltr'><strong>esse</strong></span> <span class='ocrx_word' id='word_1_185' title='bbox 593 2461 1166 2520; x_wconf 88' lang='lat' dir='ltr'><strong>communem.—At</strong></span> <span class='ocrx_word' id='word_1_186' title='bbox 1201 2472 1401 2538; x_wconf 88' lang='lat' dir='ltr'><strong>sperat</strong></span> <span class='ocrx_word' id='word_1_187' title='bbox 1444 2457 1809 2528; x_wconf 84' lang='lat' dir='ltr'><strong>adolescens,</strong></span> <span class='ocrx_word' id='word_1_188' title='bbox 1838 2459 1943 2516; x_wconf 90' lang='lat' dir='ltr'><strong>diu</strong></span> <span class='ocrx_word' id='word_1_189' title='bbox 1976 2479 2043 2516; x_wconf 90' lang='lat' dir='ltr'><strong>se</strong></span> 
     </span>
     <span class='ocr_line' id='line_1_23' title="bbox 128 2554 2040 2635; baseline -0.002 -21"><span class='ocrx_word' id='word_1_190' title='bbox 128 2556 412 2618; x_wconf 81' lang='lat' dir='ltr'><strong>victurum</strong></span> <span class='ocrx_word' id='word_1_191' title='bbox 440 2581 457 2616; x_wconf 72' lang='grc' dir='ltr'><strong>ε</strong></span> <span class='ocrx_word' id='word_1_192' title='bbox 504 2557 664 2635; x_wconf 91' lang='lat' dir='ltr'><strong>quod</strong></span> <span class='ocrx_word' id='word_1_193' title='bbox 693 2577 934 2635; x_wconf 86' lang='lat' dir='ltr'><strong>sperare</strong></span> <span class='ocrx_word' id='word_1_194' title='bbox 962 2555 1122 2616; x_wconf 87' lang='lat' dir='ltr'><strong>idem</strong></span> <span class='ocrx_word' id='word_1_195' title='bbox 1151 2575 1340 2614; x_wconf 84' lang='lat' dir='ltr'><strong>senex</strong></span> <span class='ocrx_word' id='word_1_196' title='bbox 1386 2574 1507 2615; x_wconf 87' lang='lat' dir='ltr'><strong>non</strong></span> <span class='ocrx_word' id='word_1_197' title='bbox 1531 2554 2040 2634; x_wconf 84' lang='lat' dir='ltr'><strong>potest.—Insipi-</strong></span> 
     </span>
     <span class='ocr_line' id='line_1_24' title="bbox 131 2651 2039 2733; baseline -0.001 -24"><span class='ocrx_word' id='word_1_198' title='bbox 131 2666 292 2712; x_wconf 87' lang='lat' dir='ltr'><strong>enter</strong></span> <span class='ocrx_word' id='word_1_199' title='bbox 317 2665 543 2733; x_wconf 79' lang='lat' dir='ltr'><strong>sperat.</strong></span> <span class='ocrx_word' id='word_1_200' title='bbox 623 2652 791 2724; x_wconf 83' lang='lat' dir='ltr'><strong>Quid</strong></span> <span class='ocrx_word' id='word_1_201' title='bbox 815 2652 974 2712; x_wconf 88' lang='lat' dir='ltr'><strong>enim</strong></span> <span class='ocrx_word' id='word_1_202' title='bbox 1003 2651 1258 2721; x_wconf 86' lang='lat' dir='ltr'><strong>stultius,</strong></span> <span class='ocrx_word' id='word_1_203' title='bbox 1284 2671 1461 2729; x_wconf 87' lang='lat' dir='ltr'><strong>quam</strong></span> <span class='ocrx_word' id='word_1_204' title='bbox 1484 2651 1711 2710; x_wconf 81' lang='lat' dir='ltr'><strong>incerta</strong></span> <span class='ocrx_word' id='word_1_205' title='bbox 1730 2670 1841 2728; x_wconf 87' lang='lat' dir='ltr'><strong>pro</strong></span> <span class='ocrx_word' id='word_1_206' title='bbox 1862 2651 2039 2708; x_wconf 85' lang='lat' dir='ltr'><strong>certis</strong></span> 
     </span>
     <span class='ocr_line' id='line_1_25' title="bbox 128 2745 2039 2826; baseline -0.001 -23"><span class='ocrx_word' id='word_1_207' title='bbox 128 2746 359 2819; x_wconf 88' lang='lat' dir='ltr'><strong>habere,</strong></span> <span class='ocrx_word' id='word_1_208' title='bbox 387 2749 550 2808; x_wconf 78' lang='lat' dir='ltr'><strong>falsa</strong></span> <span class='ocrx_word' id='word_1_209' title='bbox 581 2767 690 2826; x_wconf 89' lang='lat' dir='ltr'><strong>pro</strong></span> <span class='ocrx_word' id='word_1_210' title='bbox 720 2749 878 2806; x_wconf 83' lang='lat' dir='ltr'><strong>veris</strong></span> <span class='ocrx_word' id='word_1_211' title='bbox 894 2747 1205 2806; x_wconf 67' lang='lat' dir='ltr'><strong>&#39;i--Senex</strong></span> <span class='ocrx_word' id='word_1_212' title='bbox 1245 2767 1321 2806; x_wconf 92' lang='lat' dir='ltr'><strong>ne</strong></span> <span class='ocrx_word' id='word_1_213' title='bbox 1354 2746 1516 2825; x_wconf 89' lang='lat' dir='ltr'><strong>quod</strong></span> <span class='ocrx_word' id='word_1_214' title='bbox 1557 2758 1760 2823; x_wconf 80' lang='lat' dir='ltr'><strong>speret</strong></span> <span class='ocrx_word' id='word_1_215' title='bbox 1794 2745 2039 2822; x_wconf 88' lang='lat' dir='ltr'><strong>quidem</strong></span> 
     </span>
     <span class='ocr_line' id='line_1_26' title="bbox 127 2838 2035 2916; baseline -0.002 -17"><span class='ocrx_word' id='word_1_216' title='bbox 127 2841 493 2904; x_wconf 59' lang='lat' dir='ltr'><strong>haben—At</strong></span> <span class='ocrx_word' id='word_1_217' title='bbox 525 2856 617 2901; x_wconf 88' lang='lat' dir='ltr'><strong>est</strong></span> <span class='ocrx_word' id='word_1_218' title='bbox 650 2864 724 2902; x_wconf 88' lang='lat' dir='ltr'><strong>eo</strong></span> <span class='ocrx_word' id='word_1_219' title='bbox 757 2844 1006 2902; x_wconf 86' lang='lat' dir='ltr'><strong>meliore</strong></span> <span class='ocrx_word' id='word_1_220' title='bbox 1041 2843 1401 2909; x_wconf 85' lang='lat' dir='ltr'><strong>conditione,</strong></span> <span class='ocrx_word' id='word_1_221' title='bbox 1440 2859 1620 2916; x_wconf 89' lang='lat' dir='ltr'><strong>quam</strong></span> <span class='ocrx_word' id='word_1_222' title='bbox 1654 2838 2035 2908; x_wconf 83' lang='lat' dir='ltr'><strong>adolescens3</strong></span> 
     </span>
     <span class='ocr_line' id='line_1_27' title="bbox 131 2931 2043 3020; baseline -0.005 -26"><span class='ocrx_word' id='word_1_223' title='bbox 131 2957 256 2998; x_wconf 85' lang='lat' dir='ltr'><strong>cum</strong></span> <span class='ocrx_word' id='word_1_224' title='bbox 277 2940 358 3013; x_wconf 86' lang='lat' dir='ltr'><strong>id,</strong></span> <span class='ocrx_word' id='word_1_225' title='bbox 381 2938 552 3020; x_wconf 86' lang='lat' dir='ltr'><strong>quod</strong></span> <span class='ocrx_word' id='word_1_226' title='bbox 574 2939 675 2996; x_wconf 85' lang='lat' dir='ltr'><strong>ille</strong></span> <span class='ocrx_word' id='word_1_227' title='bbox 697 2949 920 3015; x_wconf 86' lang='lat' dir='ltr'><strong>sperat,</strong></span> <span class='ocrx_word' id='word_1_228' title='bbox 941 2939 1039 2996; x_wconf 87' lang='lat' dir='ltr'><strong>hic</strong></span> <span class='ocrx_word' id='word_1_229' title='bbox 1058 2938 1187 3015; x_wconf 87' lang='lat' dir='ltr'><strong>jam</strong></span> <span class='ocrx_word' id='word_1_230' title='bbox 1211 2945 1571 2992; x_wconf 87' lang='lat' dir='ltr'><strong>consecutus</strong></span> <span class='ocrx_word' id='word_1_231' title='bbox 1593 2944 1701 2988; x_wconf 87' lang='lat' dir='ltr'><strong>est.</strong></span> <span class='ocrx_word' id='word_1_232' title='bbox 1782 2931 1895 2988; x_wconf 88' lang='lat' dir='ltr'><strong>Ille</strong></span> <span class='ocrx_word' id='word_1_233' title='bbox 1918 2933 2043 2986; x_wconf 87' lang='lat' dir='ltr'><strong>vult</strong></span> 
     </span>
     <span class='ocr_line' id='line_1_28' title="bbox 133 3024 2035 3103; baseline -0.005 -12"><span class='ocrx_word' id='word_1_234' title='bbox 133 3033 227 3094; x_wconf 85' lang='lat' dir='ltr'><strong>diu</strong></span> <span class='ocrx_word' id='word_1_235' title='bbox 257 3037 504 3096; x_wconf 82' lang='lat' dir='ltr'><strong>vivere:</strong></span> <span class='ocrx_word' id='word_1_236' title='bbox 546 3034 644 3090; x_wconf 88' lang='lat' dir='ltr'><strong>hic</strong></span> <span class='ocrx_word' id='word_1_237' title='bbox 678 3031 783 3088; x_wconf 88' lang='lat' dir='ltr'><strong>diu</strong></span> <span class='ocrx_word' id='word_1_238' title='bbox 816 3032 978 3089; x_wconf 85' lang='lat' dir='ltr'><strong>vixit.</strong></span> <span class='ocrx_word' id='word_1_239' title='bbox 1079 3037 1172 3088; x_wconf 88' lang='grc'><strong>69.</strong></span> <span class='ocrx_word' id='word_1_240' title='bbox 1215 3029 1623 3103; x_wconf 80' lang='lat' dir='ltr'><strong>Quamquam,</strong></span> <span class='ocrx_word' id='word_1_241' title='bbox 1650 3025 1705 3082; x_wconf 94' lang='grc' dir='ltr'><strong>Ο</strong></span> <span class='ocrx_word' id='word_1_242' title='bbox 1740 3025 1823 3080; x_wconf 87' lang='lat' dir='ltr'><strong>dii</strong></span> <span class='ocrx_word' id='word_1_243' title='bbox 1857 3024 1995 3080; x_wconf 85' lang='lat' dir='ltr'><strong>boni</strong></span> <span class='ocrx_word' id='word_1_244' title='bbox 2022 3027 2035 3081; x_wconf 88' lang='lat'>!</span> 
     </span>
     <span class='ocr_line' id='line_1_29' title="bbox 133 3123 2037 3207; baseline -0.006 -19"><span class='ocrx_word' id='word_1_245' title='bbox 133 3132 260 3207; x_wconf 88' lang='lat' dir='ltr'><strong>quid</strong></span> <span class='ocrx_word' id='word_1_246' title='bbox 283 3145 372 3191; x_wconf 88' lang='lat' dir='ltr'><strong>est</strong></span> <span class='ocrx_word' id='word_1_247' title='bbox 392 3132 462 3187; x_wconf 87' lang='lat' dir='ltr'><strong>in</strong></span> <span class='ocrx_word' id='word_1_248' title='bbox 483 3124 742 3182; x_wconf 86' lang='lat' dir='ltr'><strong>hominis</strong></span> <span class='ocrx_word' id='word_1_249' title='bbox 761 3124 884 3180; x_wconf 78' lang='lat' dir='ltr'><strong>vita</strong></span> <span class='ocrx_word' id='word_1_250' title='bbox 903 3124 1006 3179; x_wconf 86' lang='lat' dir='ltr'><strong>diu</strong></span> <span class='ocrx_word' id='word_1_251' title='bbox 1032 3125 1055 3180; x_wconf 72' lang='grc' dir='ltr'><em>Ἰ</em></span> <span class='ocrx_word' id='word_1_252' title='bbox 1099 3124 1176 3180; x_wconf 92' lang='lat' dir='ltr'><strong>da</strong></span> <span class='ocrx_word' id='word_1_253' title='bbox 1201 3123 1362 3178; x_wconf 88' lang='lat' dir='ltr'><strong>enim</strong></span> <span class='ocrx_word' id='word_1_254' title='bbox 1389 3137 1740 3195; x_wconf 87' lang='lat' dir='ltr'><strong>supremum</strong></span> <span class='ocrx_word' id='word_1_255' title='bbox 1770 3131 2037 3193; x_wconf 76' lang='lat' dir='ltr'><strong>tempus:</strong></span> 
     </span>
     <span class='ocr_line' id='line_1_30' title="bbox 133 3211 2037 3306; baseline -0.005 -25"><span class='ocrx_word' id='word_1_256' title='bbox 133 3240 550 3306; x_wconf 81' lang='lat' dir='ltr'><strong>exspectemus</strong></span> <span class='ocrx_word' id='word_1_257' title='bbox 569 3215 1002 3276; x_wconf 86' lang='lat' dir='ltr'><strong>Tartessiorum</strong></span> <span class='ocrx_word' id='word_1_258' title='bbox 1023 3215 1185 3291; x_wconf 81' lang='lat' dir='ltr'><strong>regis</strong></span> <span class='ocrx_word' id='word_1_259' title='bbox 1205 3226 1468 3270; x_wconf 80' lang='lat' dir='ltr'><strong>aetatem:</strong></span> <span class='ocrx_word' id='word_1_260' title='bbox 1506 3211 1618 3268; x_wconf 84' lang='lat' dir='ltr'><strong>fuit</strong></span> <span class='ocrx_word' id='word_1_261' title='bbox 1636 3213 1728 3288; x_wconf 92' lang='lat' dir='ltr'><strong>(ut</strong></span> <span class='ocrx_word' id='word_1_262' title='bbox 1754 3212 2037 3291; x_wconf 86' lang='lat' dir='ltr'><strong>scriptum</strong></span> 
     </span>
     <span class='ocr_line' id='line_1_31' title="bbox 130 3306 2037 3401; baseline -0.005 -25"><span class='ocrx_word' id='word_1_263' title='bbox 130 3321 330 3401; x_wconf 81' lang='lat' dir='ltr'><strong>video)</strong></span> <span class='ocrx_word' id='word_1_264' title='bbox 360 3311 815 3396; x_wconf 83' lang='lat' dir='ltr'><strong>Arganthonius</strong></span> <span class='ocrx_word' id='word_1_265' title='bbox 849 3308 1088 3388; x_wconf 86' lang='lat' dir='ltr'><strong>quidam</strong></span> <span class='ocrx_word' id='word_1_266' title='bbox 1117 3307 1407 3376; x_wconf 83' lang='lat' dir='ltr'><strong>Gadibus,</strong></span> <span class='ocrx_word' id='word_1_267' title='bbox 1437 3306 1539 3384; x_wconf 86' lang='lat' dir='ltr'><strong>qui</strong></span> <span class='ocrx_word' id='word_1_268' title='bbox 1574 3308 1871 3386; x_wconf 85' lang='lat' dir='ltr'><strong>octoginta</strong></span> <span class='ocrx_word' id='word_1_269' title='bbox 1905 3329 2037 3387; x_wconf 85' lang='lat' dir='ltr'><strong>reg-</strong></span> 
     </span>
     <span class='ocr_line' id='line_1_32' title="bbox 131 3401 2035 3484; baseline -0.005 -12"><span class='ocrx_word' id='word_1_270' title='bbox 131 3418 284 3475; x_wconf 85' lang='lat' dir='ltr'><strong>navit</strong></span> <span class='ocrx_word' id='word_1_271' title='bbox 311 3434 519 3484; x_wconf 85' lang='lat' dir='ltr'><strong>annos,</strong></span> <span class='ocrx_word' id='word_1_272' title='bbox 544 3424 782 3471; x_wconf 89' lang='lat' dir='ltr'><strong>centum</strong></span> <span class='ocrx_word' id='word_1_273' title='bbox 814 3419 876 3466; x_wconf 93' lang='lat' dir='ltr'><strong>et</strong></span> <span class='ocrx_word' id='word_1_274' title='bbox 899 3402 1108 3482; x_wconf 83' lang='lat' dir='ltr'><strong>viginti</strong></span> <span class='ocrx_word' id='word_1_275' title='bbox 1135 3401 1298 3461; x_wconf 85' lang='lat' dir='ltr'><strong>vixit.</strong></span> <span class='ocrx_word' id='word_1_276' title='bbox 1380 3403 1503 3461; x_wconf 85' lang='lat' dir='ltr'><strong>Sed</strong></span> <span class='ocrx_word' id='word_1_277' title='bbox 1534 3403 1675 3462; x_wconf 83' lang='lat' dir='ltr'><strong>mihi</strong></span> <span class='ocrx_word' id='word_1_278' title='bbox 1705 3425 1779 3463; x_wconf 87' lang='lat' dir='ltr'><strong>ne</strong></span> <span class='ocrx_word' id='word_1_279' title='bbox 1810 3405 2035 3464; x_wconf 78' lang='lat' dir='ltr'><strong>diutur-</strong></span> 
     </span>
     <span class='ocr_line' id='line_1_33' title="bbox 133 3498 2033 3589; baseline -0.005 -22"><span class='ocrx_word' id='word_1_280' title='bbox 133 3529 266 3569; x_wconf 87' lang='lat' dir='ltr'><strong>num</strong></span> <span class='ocrx_word' id='word_1_281' title='bbox 294 3509 543 3589; x_wconf 87' lang='lat' dir='ltr'><strong>quidem</strong></span> <span class='ocrx_word' id='word_1_282' title='bbox 569 3506 893 3585; x_wconf 86' lang='lat' dir='ltr'><strong>quidquam</strong></span> <span class='ocrx_word' id='word_1_283' title='bbox 927 3499 1178 3566; x_wconf 85' lang='lat' dir='ltr'><strong>videtur,</strong></span> <span class='ocrx_word' id='word_1_284' title='bbox 1207 3498 1267 3556; x_wconf 86' lang='lat' dir='ltr'><strong>in</strong></span> <span class='ocrx_word' id='word_1_285' title='bbox 1298 3519 1417 3576; x_wconf 93' lang='lat' dir='ltr'><strong>quo</strong></span> <span class='ocrx_word' id='word_1_286' title='bbox 1454 3512 1545 3558; x_wconf 90' lang='lat' dir='ltr'><strong>est</strong></span> <span class='ocrx_word' id='word_1_287' title='bbox 1579 3500 1803 3577; x_wconf 84' lang='lat' dir='ltr'><strong>aliquid</strong></span> <span class='ocrx_word' id='word_1_288' title='bbox 1838 3515 2033 3559; x_wconf 83' lang='lat' dir='ltr'><strong>extre-</strong></span> 
     </span>
     <span class='ocr_line' id='line_1_34' title="bbox 134 3595 2033 3674; baseline -0.007 -12"><span class='ocrx_word' id='word_1_289' title='bbox 134 3624 311 3664; x_wconf 87' lang='lat' dir='ltr'><strong>mum.</strong></span> <span class='ocrx_word' id='word_1_290' title='bbox 395 3605 554 3663; x_wconf 86' lang='lat' dir='ltr'><strong>Cum</strong></span> <span class='ocrx_word' id='word_1_291' title='bbox 589 3602 750 3661; x_wconf 81' lang='lat' dir='ltr'><strong>enirn</strong></span> <span class='ocrx_word' id='word_1_292' title='bbox 784 3599 844 3657; x_wconf 90' lang='lat' dir='ltr'><strong>id</strong></span> <span class='ocrx_word' id='word_1_293' title='bbox 881 3595 1136 3664; x_wconf 81' lang='lat' dir='ltr'><strong>advenit,</strong></span> <span class='ocrx_word' id='word_1_294' title='bbox 1165 3607 1309 3653; x_wconf 90' lang='lat' dir='ltr'><strong>tunc</strong></span> <span class='ocrx_word' id='word_1_295' title='bbox 1343 3595 1508 3665; x_wconf 89' lang='lat' dir='ltr'><strong>illud,</strong></span> <span class='ocrx_word' id='word_1_296' title='bbox 1539 3595 1697 3674; x_wconf 91' lang='lat' dir='ltr'><strong>quod</strong></span> <span class='ocrx_word' id='word_1_297' title='bbox 1731 3596 2033 3673; x_wconf 86' lang='lat' dir='ltr'><strong>praeteriit,</strong></span> 
     </span>
     <span class='ocr_line' id='line_1_35' title="bbox 136 3689 2035 3772; baseline -0.005 -16"><span class='ocrx_word' id='word_1_298' title='bbox 136 3700 396 3760; x_wconf 83' lang='lat' dir='ltr'><strong>effluxit:</strong></span> <span class='ocrx_word' id='word_1_299' title='bbox 437 3711 663 3758; x_wconf 86' lang='lat' dir='ltr'><strong>tantum</strong></span> <span class='ocrx_word' id='word_1_300' title='bbox 689 3707 976 3764; x_wconf 86' lang='lat' dir='ltr'><strong>remanet,</strong></span> <span class='ocrx_word' id='word_1_301' title='bbox 999 3691 1160 3772; x_wconf 88' lang='lat' dir='ltr'><strong>quod</strong></span> <span class='ocrx_word' id='word_1_302' title='bbox 1181 3691 1396 3749; x_wconf 86' lang='lat' dir='ltr'><strong>virtute</strong></span> <span class='ocrx_word' id='word_1_303' title='bbox 1427 3704 1489 3748; x_wconf 90' lang='lat' dir='ltr'><strong>et</strong></span> <span class='ocrx_word' id='word_1_304' title='bbox 1514 3702 1677 3748; x_wconf 87' lang='lat' dir='ltr'><strong>recte</strong></span> <span class='ocrx_word' id='word_1_305' title='bbox 1704 3689 1873 3748; x_wconf 88' lang='lat' dir='ltr'><strong>factis</strong></span> <span class='ocrx_word' id='word_1_306' title='bbox 1900 3709 2035 3747; x_wconf 88' lang='lat' dir='ltr'><strong>con-</strong></span> 
     </span>
    </p>
   </div>
   <div class='ocr_carea' id='block_1_5' title="bbox 137 3784 2036 3940">
    <p class='ocr_par' dir='ltr' id='par_1_6' title="bbox 137 3784 2036 3940">
     <span class='ocr_line' id='line_1_36' title="bbox 137 3784 2036 3869; baseline -0.005 -16"><span class='ocrx_word' id='word_1_307' title='bbox 137 3809 374 3856; x_wconf 83' lang='lat' dir='ltr'><strong>secutus</strong></span> <span class='ocrx_word' id='word_1_308' title='bbox 399 3796 496 3854; x_wconf 87' lang='lat' dir='ltr'><strong>sis.</strong></span> <span class='ocrx_word' id='word_1_309' title='bbox 578 3793 765 3852; x_wconf 73' lang='lat' dir='ltr'><strong>Horae</strong></span> <span class='ocrx_word' id='word_1_310' title='bbox 793 3790 1034 3869; x_wconf 87' lang='lat' dir='ltr'><strong>quidem</strong></span> <span class='ocrx_word' id='word_1_311' title='bbox 1063 3788 1301 3859; x_wconf 86' lang='lat' dir='ltr'><strong>cedunt,</strong></span> <span class='ocrx_word' id='word_1_312' title='bbox 1332 3797 1395 3846; x_wconf 89' lang='lat' dir='ltr'><strong>et</strong></span> <span class='ocrx_word' id='word_1_313' title='bbox 1426 3784 1577 3855; x_wconf 82' lang='lat' dir='ltr'><strong>dies,</strong></span> <span class='ocrx_word' id='word_1_314' title='bbox 1604 3795 1667 3843; x_wconf 82' lang='lat' dir='ltr'><strong>et</strong></span> <span class='ocrx_word' id='word_1_315' title='bbox 1698 3803 1947 3854; x_wconf 83' lang='lat' dir='ltr'><strong>menses,</strong></span> <span class='ocrx_word' id='word_1_316' title='bbox 1976 3797 2036 3844; x_wconf 84' lang='lat' dir='ltr'><strong>et</strong></span> 
     </span>
     <span class='ocr_line' id='line_1_37' title="bbox 1056 3884 1108 3940; baseline 0 0"><span class='ocrx_word' id='word_1_317' title='bbox 1056 3884 1108 3940; x_wconf 93' lang='lat' dir='ltr'>B</span> 
     </span>
    </p>
   </div>
   <div class='ocr_carea' id='block_1_6' title="bbox 2121 887 2461 1110">
    <p class='ocr_par' dir='ltr' id='par_1_7' title="bbox 2121 887 2461 1110">
     <span class='ocr_line' id='line_1_38' title="bbox 2121 887 2461 1110; baseline -0.006 -56"><span class='ocrx_word' id='word_1_318' title='bbox 2121 1009 2341 1110; x_wconf 42' lang='lat' dir='ltr'><strong>(w</strong></span> <span class='ocrx_word' id='word_1_319' title='bbox 2372 887 2461 1053; x_wconf 44' lang='lat' dir='ltr'><strong>{k</strong></span> 
     </span>
    </p>
   </div>
  </div>
 </body>
</html>
