2525 4409
760 379 1351 425 rsusnoer--cAn
1376 379 1465 434 ιι,
1491 382 1581 422 111.
1652 351 1657 359 ’
2047 371 2133 430 85

199 512 492 572 rinthium
541 509 928 591 cupidissime
973 522 1351 582 tractantem,
1394 533 1580 589 quum
1622 512 1757 591 ipse
1798 525 1981 572 totam
2016 515 2134 574 Co-

199 607 465 667 rinthum
495 607 936 668 contemsissetz
969 617 1168 666 utrum
1187 606 1359 665 illum
1386 607 1581 666 civem
1606 609 2031 682 excellentem,
2054 631 2133 670 an

201 703 532 762 atriensem
553 701 906 780 diligentem
927 702 1198 780 putaret?
1257 703 1626 762 -Reviviscat
1644 705 1751 762 M’.
1766 705 2009 778 Curius,
2028 719 2134 766 aut

201 819 418 858 eorum
447 797 685 874 aliquis,
709 815 962 873 quorum
987 797 1052 854 in
1076 797 1218 856 villa
1245 816 1317 856 ac
1342 798 1521 858 domo
1550 799 1695 858 nihil
1722 797 2129 878 splendidum,

202 893 358 953 nihil
384 905 662 952 ornatum
681 892 796 951 fuit
820 903 1044 971 praeter
1069 891 1248 970 ipsos,
1274 905 1335 952 et
1356 893 1555 954 videat
1582 887 1861 973 aiiquem,
1880 897 2131 956 summis

202 989 422 1068 populi
439 987 752 1047 beneficiis
775 1007 975 1058 usum,
991 987 1338 1046 barbatulos
1364 990 1579 1047 mullos
1608 1003 2025 1068 exceptantem
2050 992 2129 1054 de

203 1083 440 1163 piscina
463 1095 524 1142 et
542 1094 1022 1161 pertractantem,
1041 1093 1100 1142 et
1121 1101 1519 1142 muroenarum
1541 1085 1715 1163 copia
1742 1087 2127 1164 gloriantemz

203 1198 409 1237 nonne
434 1179 594 1236 hunc
620 1177 926 1239 hominem
959 1177 1044 1235 ita
1075 1197 1313 1237 servum
1335 1179 1591 1256 judicet,
1618 1192 1683 1238 ut
1714 1201 1791 1240 ne
1819 1182 1879 1240 in
1906 1180 2133 1243 familia

207 1273 457 1352 quidem
495 1273 744 1351 dignum
791 1273 1019 1350 majore
1069 1273 1269 1350 aliquo
1312 1275 1551 1351 neg’otio
1585 1275 1799 1353 putet?
1894 1281 1990 1335 39.
2030 1279 2131 1336 An

205 1390 424 1428 eor-um
471 1369 723 1427 servitus
757 1367 940 1428 dubia
979 1381 1089 1439 est,
1127 1369 1231 1446 qui
1270 1369 1601 1448 cupiditate
1641 1369 1864 1448 peculii
1904 1373 2133 1429 nullam

205 1465 614 1524 conditionem
650 1477 928 1523 recusant
959 1463 1295 1532 durissimae
1334 1463 1679 1524 servitutis?
1760 1465 2133 1525 Hereditatis

204 1668 423 1715 nutum
456 1654 772 1734 locupletis
807 1655 938 1713 orbi
969 1655 1130 1713 senis
1163 1674 1283 1712 non
1317 1655 1591 1713 observat
1614 1655 1639 1714 ‘i
1723 1655 2023 1734 Loquitur
2056 1654 2133 1715 ad

203 1754 622 1811 voluntatemt
656 1748 941 1828 quidquid
969 1749 1392 1808 denunciatum
1426 1750 1519 1818 sit,
1542 1746 1720 1810 facit:
1764 1763 2097 1810 assectatur
2114 1774 2133 1813 ε

206 1847 450 1916 assidet,
469 1857 834 1906 muneratur.
908 1844 1080 1917 Quid
1098 1846 1313 1904 horum
1341 1857 1433 1905 est
1452 1845 1627 1906 liberi
1646 1847 1671 1907 ‘i
1704 1847 1850 1925 quid
1870 1847 2133 1926 denique

205 1963 326 2002 non
349 1942 516 2018 servi
541 1940 796 2000 inertis‘l

289 2135 410 2192 III.
461 2137 558 2192 40.
600 2131 814 2204 Quid?
865 2133 991 2212 jam
1033 2132 1142 2190 illa
1187 2132 1503 2214 cupiditas,
1537 2153 1673 2211 quae
1718 2133 1957 2195 videtur
2000 2153 2137 2193 esse

205 2227 535 2298 liberalior,
568 2228 826 2297 honoris,
860 2227 1115 2306 imperii,
1150 2226 1607 2306 provinciarum,
1637 2247 1817 2304 quam
1852 2227 2003 2285 dura
2044 2238 2138 2286 est

207 2325 520 2393 dominat,
547 2343 729 2401 quam
775 2323 1133 2403 imperiosa!
1199 2342 1378 2399 quam
1425 2323 1779 2383 vehemens!
1842 2322 2135 2401 Cethego,

205 2421 438 2480 homini
466 2437 586 2479 non
621 2416 1054 2498 probatissimo,
1080 2418 1315 2498 servire
1346 2417 1545 2496 coegit
1578 2438 1699 2489 eos,
1728 2417 1832 2496 qui
1859 2417 1972 2477 sibi
2000 2437 2133 2477 esse

209 2515 571 2610 amplissimi
597 2514 986 2584 videbantur3
1029 2533 1280 2574 munera
1306 2513 1557 2585 mittere,
1584 2529 1763 2574 noctu
1793 2517 1999 2576 venire
2027 2516 2132 2575 do-

208 2633 380 2672 mum
411 2612 488 2670 ad
513 2633 669 2682 eum,
691 2609 942 2690 precari,
967 2609 1225 2688 denique
1255 2611 1606 2690 supplicare.
1690 2613 1851 2685 Quae
1877 2613 2134 2672 servitus
2167 2641 2176 2649 ·

209 2722 321 2778 est,
343 2708 396 2766 si
416 2708 547 2766 haec
567 2707 812 2765 libertas
842 2704 1166 2764 existimari
1186 2705 1423 2785 potest?
1506 2707 1714 2779 Quid‘e
1748 2729 1934 2786 quum
1966 2707 2133 2786 cupi-

208 2805 468 2864 ditatum
505 2802 841 2859 dominatus
877 2801 1152 2874 excessit,
1182 2815 1242 2860 et
1276 2803 1427 2860 alius
1460 2815 1547 2860 est
1579 2801 1855 2860 dominus
1890 2815 2136 2860 exortus⁴

211 2921 289 2958 ex
328 2897 694 2957 conscientia
725 2909 1123 2976 peccatorum,
1157 2897 1369 2968 timor;
1416 2917 1597 2974 quam
1632 2907 1725 2953 est
1754 2895 1861 2952 illa
1892 2895 2131 2965 misera,

209 3015 389 3073 quam
435 2993 590 3051 dura
633 2993 926 3052 servitus!
1021 2993 1531 3052 Adolescentibus
1578 2991 1787 3071 paullo
1831 2989 2131 3066 loquacio-

208 3092 376 3150 ribus
411 3102 503 3148 est
535 3087 955 3148 serviendum:
1004 3106 1228 3156 omnes,
1257 3087 1361 3164 qui
1396 3084 1623 3162 aliquid
1656 3083 1809 3142 scire
1840 3082 2131 3154 videntur,

208 3201 524 3264 tamquam
557 3183 803 3254 domini,
831 3183 1135 3242 timentur.
1212 3181 1256 3239 J
1258 3180 1421 3239 udex
1453 3199 1601 3280 ve'ro
1634 3190 1919 3256 quantum
1950 3177 2134 3238 habet

211 3281 624 3341 dominatum!
683 3301 803 3357 quo
845 3279 1060 3362 timore
1103 3287 1387 3333 nocentes
1430 3252 1639 3332 afficit!
1732 3275 1834 3334 An
1875 3295 1995 3334 non
2040 3278 2139 3334 est*

213 3377 412 3437 omnis
455 3387 651 3438 metus
693 3373 992 3434 servitus'l
1089 3375 1186 3431 41.
1203 3369 1398 3442 Quid
1438 3372 1619 3432 valet
1640 3371 1824 3472 igitur
1862 3374 1969 3433 illa
2009 3375 2131 3432 elo·

214 3473 587 3554 quentissimi
619 3472 750 3543 viri,
786 3471 861 3530 L.
883 3467 1104 3540 Crassi,
1140 3467 1383 3546 copiosa
1425 3469 1632 3547 magis,
1670 3490 1847 3549 quam
1894 3469 2133 3547 sapiens

215 3568 452 3628 oratio‘l
533 3569 774 3644 Eripite
804 3587 908 3626 nos
939 3585 1014 3624 ea:
1038 3564 1319 3622 servitute.
1404 3563 1562 3636 Quae
1596 3578 1686 3624 est
1713 3565 1824 3622 ista
1858 3562 2131 3633 servitus,

213 3676 340 3724 tam
369 3666 534 3723 claro
556 3662 806 3732 homini,
828 3674 1066 3738 tamque
1093 3657 1323 3718 nobi1i2
1404 3659 1613 3717 Omnis
1642 3657 1821 3717 animi
1844 3655 2134 3715 debilitati

211 3773 278 3820 et
295 3758 540 3819 humilis
563 3771 624 3818 et
643 3757 815 3818 fracti
835 3755 1118 3818 timiditas
1144 3754 1399 3815 servitus
1428 3764 1535 3833 est.
1618 3754 1812 3815 Nolite
1835 3752 2015 3812 sinere
2032 3773 2134 3812 nos
