2525 4409
411 407 496 468 '76
1099 419 1170 462 κ.
1193 420 1253 462 r.
1286 416 1613 463 otcssoms

409 552 612 631 magni
643 549 772 620 viri,
807 549 1127 628 quidquam
1165 549 1332 610 ‘aliud
1365 549 1733 630 propositum
1770 547 1954 606 fuisse
1993 546 2267 611 videatur
2288 547 2319 606 2

389 649 572 720 ,Quae
617 666 716 705 res
763 646 839 704 ad
882 665 1096 704 necem
1133 645 1461 704 Porsennae
1495 643 1567 702 C.
1590 643 1861 702 Mucium
1900 642 2156 721 impulit,
2184 642 2317 702 sine

409 744 534 800 ulla
571 762 680 819 spe
717 725 922 800 salutis
958 741 1130 800 suae‘l
1209 739 1371 810 Quae
1403 738 1492 796 vis
1526 737 1821 796 Coclitem
1863 749 2067 796 contre
2106 753 2341 794 omnes·

407 835 664 894 hostium
697 835 900 913 copias
937 834 1128 894 tenuit
1159 835 1222 892 in
1251 846 1437 912 ponte
1474 833 1715 892 solum‘l
1757 853 1889 908 quae
1921 844 2155 911 patrem
2190 830 2319 889 De-

409 930 584 1000 cium,
613 951 748 1008 quoe
777 930 966 988 filium
993 929 1309 996 devotavit,
1338 941 1515 1006 atque
1542 927 1785 985 immisit
1808 927 1871 986 in
1898 939 2155 984 armates
2182 926 2319 984 bos·

407 1024 554 1082 tium
581 1024 824 1103 copias!
905 1023 1075 1096 Quid
1101 1022 1465 1082 continentia
1491 1022 1563 1080 C.
1580 1021 1861 1092 Fabricii,
1882 1020 2027 1099 quid
2054 1021 2313 1080 tenuitas

407 1119 596 1184 victus
640 1119 746 1178 Μ’.
767 1117 938 1177 Curii
985 1117 1393 1196 sequebatur‘l
1490 1116 1658 1188 Quid
1700 1116 1821 1176 duo
1866 1117 2314 1194 propugnacula

408 1213 554 1271 belli
595 1213 830 1282 Punici,
865 1213 978 1272 Cn.
1013 1226 1076 1272 et
1115 1212 1189 1271 P.
1215 1211 1551 1291 Scipiones,
1584 1211 1689 1290 qui
1728 1211 2311 1290 Carthaginiensium

411 1308 730 1374 adventum
777 1308 1129 1388 corporibus
1174 1307 1297 1366 suis
1342 1306 1864 1366 intercludendum
1910 1307 2311 1384 putaverunt?

409 1403 554 1482 quid
586 1404 902 1462 Africanus
949 1403 1178 1481 majori
1231 1401 1376 1480 quid
1422 1401 1660 1460 minori
1714 1401 1857 1479 quid
1892 1402 2049 1462 inter
2092 1402 2311 1459 horum

407 1512 612 1556 oetates
657 1498 1002 1577 interjectus
1047 1497 1198 1556 Cato
1215 1498 1265 1558 2.
1296 1495 1441 1573 quid
1484 1496 1946 1556 innumerabiles
1972 1496 2115 1556 alii?
2144 1496 2311 1572 (narn

407 1592 744 1654 domesticis
784 1593 1076 1671 exemplis
1117 1590 1509 1667 abundamus)
1552 1592 1859 1669 cogitasse,
1888 1591 2213 1669 quidquam
2242 1591 2310 1650 in

407 1677 528 1746 vita
551 1689 664 1745 sibi
691 1687 1116 1766 expetendum,
1147 1687 1256 1744 nisi
1282 1686 1445 1764 quod
1463 1686 1765 1746 laudabile
1794 1699 1953 1746 esset
1976 1699 2039 1745 et
2064 1688 2313 1765 praecla-

409 1800 559 1851 rum,
586 1781 898 1852 videntur'l
1420 1767 1431 1776 ’

486 1969 606 2030 III.
651 1975 742 2029 13.
775 1970 1038 2029 Veniant
1065 1969 1244 2048 igitur
1270 1971 1369 2029 isti
1396 1971 1665 2032 irrisores
1690 1972 1869 2050 hujus
1908 1972 2206 2042 orationis,
2235 1992 2309 2032 ac

405 2065 753 2141 sententiae3
791 2077 852 2124 et
874 2066 1002 2144 jam
1031 2067 1128 2124 vel
1155 2067 1273 2145 ipsi
1296 2067 1589 2146 judicent,
1618 2080 1815 2126 utrum
1845 2089 1911 2126 se
1944 2068 2158 2128 horum
2200 2069 2309 2158 2²¹³·

373 2201 385 2208 -
407 2162 595 2240 cujus,
617 2162 718 2240 qui
747 2162 1092 2220 marmoreis
1117 2163 1304 2230 tectis,
1328 2164 1511 2222 ebore
1540 2175 1601 2221 et
1628 2183 1773 2221 auro
1800 2162 2185 2240 fulgentibus,
2206 2166 2309 2241 qui

403 2256 609 2334 signis,
645 2257 748 2334 qui
793 2258 1024 2326 tabulis,
1061 2257 1164 2333 qui
1207 2257 1417 2315 caelato
1459 2274 1607 2316 auro
1648 2271 1711 2316 et
1754 2261 2020 2335 urgento,
2052 2263 2157 2336 qui
2190 2247 2314 2319 Coss

403 2352 632 2408 rinthiis
659 2353 937 2429 operibus
963 2351 1279 2420 abundant,
1302 2371 1377 2410 an
1400 2351 1472 2411 O.
1488 2351 1768 2422 Fabricii,
1792 2353 1893 2430 qui
1919 2353 2064 2410 nihil
2092 2375 2307 2414 eorum

403 2445 628 2513 habuit,
645 2445 790 2501 nihil
803 2446 1022 2505 habere
1039 2447 1244 2517 voluit,
1261 2447 1479 2506 similes
1500 2468 1632 2507 esse
1652 2449 1895 2508 malint?
1980 2454 2075 2508 14.
2102 2451 2309 2527 Atque

401 2537 532 2596 haec
573 2536 836 2614 quidem,
869 2561 1004 2616 quae
1050 2543 1228 2600 modo
1268 2543 1405 2613 huc,
1448 2542 1627 2601 modo
1667 2543 1808 2602 illuc
1852 2543 2307 2614 mnsferuntur,

401 2632 576 2692 facile
611 2633 830 2692 adduci
857 2636 1064 2706 solent,
1093 2649 1160 2694 ut
1183 2637 1245 2694 in
1276 2637 1455 2696 rebus
1480 2638 1655 2698 bonis
1690 2659 1822 2698 esse
1848 2652 2107 2718 negent=
2152 2640 2309 2698 illud

403 2741 564 2786 arcte
585 2740 804 2799 tenent,
821 2743 1214 2807 accurateque
1230 2731 1580 2802 defendunt,
1598 2735 1962 2812 v‘oluptatem
1988 2755 2123 2796 esse
2146 2757 2311 2794 sum·

399 2842 565 2881 mum
597 2824 834 2883 bonum.
914 2825 1076 2897 Qum
1109 2825 1353 2902 quidem
1394 2827 1537 2885 mihi
1568 2847 1687 2886 vox
1724 2828 2025 2906 pecudum
2065 2831 2311 2890 videtur

397 2939 552 2989 esse,
569 2939 685 2978 non
704 2920 1026 2978 hominum.
1111 2920 1226 2989 Tu,
1244 2940 1429 2998 quum
1456 2921 1569 2979 tibi
1588 2923 1713 2980 sive
1732 2923 1923 2993 Deus,
1944 2923 2068 2982 sive
2094 2938 2309 2997 mater,

396 3027 466 3071 ut
491 3015 574 3073 its
601 3014 812 3084 dicam,
833 3035 1038 3073 rerum
1063 3015 1347 3084 omnium,
1366 3029 1595 3087 natura,
1618 3016 1852 3076 dederit
1878 3019 2161 3089 animum,
2184 3042 2309 3098 quo

396 3109 540 3166 nihil
575 3123 666 3170 est
705 3110 1081 3188 praestantius
1117 3129 1316 3187 neque
1350 3110 1625 3180 divinius,
1660 3113 1745 3171 sic
1782 3126 1843 3171 te
1878 3113 2009 3192 ipse
2054 3116 2307 3194 abjicies

397 3214 573 3276 atque
617 3217 979 3279 prosternes,
1013 3217 1082 3263 ut
1123 3204 1275 3263 nihil
1315 3205 1471 3264 inter
1512 3219 1575 3264 te
1623 3219 1803 3284 atque
1846 3209 2303 3289 quadrupedem

397 3294 652 3369 aliquam
677 3311 854 3374 putes
883 3299 1216 3359 interesse'l
1297 3300 1725 3378 Quidqusmne
1749 3302 1972 3382 bonum
2002 3318 2111 3374 est,
2140 3307 2303 3382 quod

393 3407 510 3446 non
553 3408 710 3459 eum,
737 3391 840 3468 qui
867 3391 928 3448 id
960 3393 1240 3470 possidet,
1276 3395 1584 3454 meliorem
1618 3397 1801 3458 faciti
1884 3403 1976 3456 15.
2011 3397 2099 3456 Ut
2140 3400 2301 3460 enim

395 3484 646 3562 quisque
671 3497 762 3544 est
794 3487 1052 3547 maxime
1080 3489 1220 3548 boni
1248 3490 1567 3569 particeps,
1594 3492 1678 3551 ite
1704 3505 1767 3552 et
1790 3492 2105 3552 laudabilis
2134 3514 2305 3552 max·

391 3578 542 3638 inies
575 3600 772 3658 neque
800 3593 892 3639 est
917 3583 1104 3641 ull'um
1125 3585 1365 3654 bonum,
1384 3585 1459 3644 de
1480 3608 1603 3664 quo
1628 3607 1747 3646 non
1766 3587 1833 3657 is,
1850 3587 2033 3664 quiid
2056 3589 2303 3661 habeat,

389 3673 634 3734 honeste
661 3677 846 3753 possit
879 3677 1134 3754 gloriari.
1215 3679 1385 3751 Quid
1414 3693 1617 3742 autem
1644 3696 1733 3740 est
1758 3683 1969 3740 horum
1998 3682 2061 3743 in
2088 3686 2301 3762 volup-

391 3769 556 3828 tatel
633 3771 1028 3832 Melioremne
1069 3773 1250 3832 efficit
1290 3789 1394 3835 aut
1431 3777 2161 3842 laudabiliorem-virum?
2213 3767 2303 3840 an'
