2525 4409
881 405 1392 450 uncum—ou.
1418 405 1505 458 x„
1528 404 1613 447 xi.
2089 393 2117 449 1
2130 395 2157 450 l
2170 393 2199 450 1

365 539 448 598 X.
491 537 804 598 Conversa
830 536 1030 596 subito
1058 538 1297 596 fortuna
1322 548 1429 596 est.
1508 536 1597 597 Ut
1614 537 1911 596 Antonius
1940 538 2117 597 rediit
2142 538 2207 598 in

277 634 546 703 Italiam,
580 651 762 690 nemo
809 651 927 689 non
972 651 1192 710 magno
1233 632 1297 690 in
1344 631 1617 711 periculo
1654 631 1923 691 Atticum
1966 645 2210 712 putarat

275 741 534 808 propter
563 726 834 785 intimam
867 725 1327 785 familiaritatem
1362 726 1675 786 Ciceronis
1713 739 1775 786 et
1808 727 1999 786 Bruti.
2081 729 2200 788 Ita·

275 845 404 902 que
433 822 509 882 ad
537 820 856 880 adventum
881 820 1315 899 imperatorum
1340 820 1419 879 de
1449 821 1581 882 foro
1606 821 1963 893 decesserat,
1982 823 2201 882 timens

275 917 798 997 proscriptionem,
837 915 1180 993 latebatque
1223 916 1381 994 apud
1415 916 1487 974 P.
1515 917 1927 987 Volumnium,
1972 919 2089 989 cui,
2130 931 2199 977 ut

282 1011 675 1080 ostendimus,
709 1011 908 1088 paullo
953 1024 1091 1069 ante
1135 1029 1315 1089 opem
1358 1012 1577 1070 tulerat
1618 1013 1805 1088 (tanta
1834 1013 2089 1072 varietas
2122 1013 2195 1072 iis

279 1093 659 1186 temporibus
683 1105 796 1164 fuit
821 1105 1095 1176 fortunae,
1121 1118 1188 1164 ut
1219 1104 1397 1164 modo
1427 1105 1509 1176 hi,
1536 1107 1717 1166 modo
1748 1107 1834 1165 illi
1861 1109 1925 1166 in
1962 1127 2195 1168 summo

279 1213 487 1260 essent
526 1212 628 1258 aut
659 1199 914 1278 fastigio,
943 1212 1048 1258 aut
1077 1200 1414 1278 periculo):
1458 1201 1837 1279 habebatque
1876 1223 2083 1263 secum
2111 1203 2194 1275 Q.

281 1295 560 1353 Gellium
583 1294 835 1364 Canum,
856 1295 1149 1372 aequalem
1177 1294 1659 1372 simillimumque
1688 1295 1797 1355 sui.
1878 1296 2021 1356 Hoc
2048 1317 2193 1373 quo-

281 1410 406 1468 que
447 1389 524 1448 sit
553 1388 740 1447 Attici
774 1387 1048 1449 bonitatis
1095 1389 1459 1466 exemplum,
1494 1387 1655 1465 quod
1697 1407 1836 1448 cum
1882 1409 1979 1459 eo,
2014 1410 2194 1467 quem

276 1504 539 1565 puerum
578 1484 640 1542 in
672 1483 818 1542 ludo
856 1496 1238 1562 cognoverat,
1276 1483 1427 1541 adeo
1466 1484 1783 1562 conjuncte
1814 1484 1980 1555 vixit,
2013 1497 2081 1544 ut
2120 1485 2194 1544 ad

279 1593 622 1640 extremam
663 1591 906 1640 ,aetatem
955 1577 1216 1638 amicitia
1263 1597 1473 1638 eorum
1522 1579 1794 1638 creverit.
1900 1579 2196 1639 Antonius

279 1687 510 1744 autem,
553 1674 662 1733 etsi
701 1685 862 1733 tanto
909 1661 1050 1732 odio
1093 1673 1398 1732 ferebatur
1440 1673 1501 1731 in
1544 1673 1921 1745 Ciceronem,
1966 1687 2031 1733 ut
2074 1695 2197 1733 non

279 1773 484 1831 solum
523 1770 601 1839 ei,
629 1770 736 1828 sed
770 1769 1045 1828 omnibus
1077 1769 1258 1828 etiam
1295 1770 1425 1848 ejus
1460 1769 1667 1829 amicis
1706 1783 1867 1829 esset
1898 1769 2193 1839 inimicus,

278 1885 508 1942 eosque
536 1867 716 1924 vellet
741 1865 1132 1942 proscribere,
1157 1864 1358 1924 multis
1384 1865 1754 1925 hortantibus
1780 1878 1977 1924 tamen
2005 1865 2197 1924 Attici

277 1979 520 2020 memor
549 1960 661 2018 fuit
693 1959 890 2029 officii,
919 1972 982 2019 et
1015 1960 1090 2030 ei,
1119 1979 1305 2038 quum
1344 1961 1691 2037 requisisset
1736 1961 1981 2020 ubinam
2016 1972 2195 2030 esset,

275 2076 396 2115 sua
419 2075 600 2115 manu
627 2054 877 2134 scripsit,
899 2075 978 2114 ne
1005 2055 1256 2124 timeret,
1286 2055 1603 2131 statimque
1630 2054 1707 2112 ad
1734 2073 1799 2112 se
1825 2055 2094 2113 veniret:
2130 2075 2195 2112 se

280 2171 450 2220 eum,
501 2161 562 2208 et
607 2149 766 2209 illius
815 2169 994 2209 causa
1037 2149 1274 2207 Canum
1316 2147 1393 2206 de
1434 2147 1898 2226 proscriptorum
1948 2167 2199 2205 nurnero

277 2247 608 2307 exemisse.
700 2248 814 2316 Ac,
859 2265 940 2304 ne
985 2244 1148 2323 quod
1195 2244 1258 2301 in
1302 2242 1640 2320 periculum
1686 2241 1992 2311 incideret,
2036 2240 2199 2318 quod

276 2355 470 2402 noctu
516 2340 713 2410 fiebat,
748 2339 1092 2418 praesidium
1126 2338 1182 2397 ei
1211 2337 1392 2396 misit.
1472 2336 1575 2395 Sic
1607 2335 1845 2395 Atticus
1870 2335 1934 2394 in
1966 2355 2199 2394 summo

279 2439 506 2498 timore
547 2456 664 2494 non
705 2437 897 2494 solum
937 2434 1072 2506 sibi,
1113 2432 1223 2493 sed
1265 2433 1444 2491 etiam
1485 2431 1564 2502 ei,
1606 2451 1785 2509 quem
1828 2430 2197 2490 carissimum

277 2533 569 2602 habebat,
602 2531 886 2611 praesidio
919 2530 1048 2589 fuit.
1130 2529 1353 2606 Neque
1387 2528 1545 2588 enim
1578 2549 1701 2588 suae
1742 2530 1933 2588 solum
1976 2548 2013 2586 a
2050 2548 2196 2605 quo-

281 2648 470 2708 quam
516 2627 805 2686 auxilium
845 2625 1013 2704 petiit
1052 2625 1277 2693 salutis,
1317 2624 1423 2683 sed
1468 2624 1867 2703 conjunctim:
1910 2635 1979 2682 ut
2019 2642 2199 2700 appa-

277 2735 469 2791 reret,
491 2722 711 2780 ‘nullam
739 2721 1067 2799 sejunctam
1095 2719 1206 2778 sibi
1235 2721 1311 2778 ab
1340 2739 1415 2780 eo
1440 2720 1596 2778 velle
1622 2718 1937 2777 fortunam.
2011 2716 2197 2789 Quod

281 2818 338 2878 si
367 2817 732 2895 gubernator
757 2815 1066 2894 praecipua
1090 2812 1269 2874 laude
1297 2812 1501 2884 fertur,
1524 2814 1627 2890 qui
1654 2833 1865 2870 navem
1893 2833 1971 2868 ex
1998 2811 2197 2868 hieme

281 2913 560 2991 marique
599 2913 916 2990 scopuloso
963 2923 1190 2969 servat:
1247 2930 1356 2968 cur
1399 2929 1519 2967 non
1562 2906 1881 2984 singularis
1924 2905 2056 2982 ejus
2096 2923 2197 2960 ex-

281 3009 583 3069 istimetur
613 3006 946 3087 prudentia,
974 3005 1077 3084 qui
1105 3025 1184 3064 ex
1219 3018 1309 3064 tot
1338 3018 1578 3081 tamque
1613 3001 1891 3079 gravibus
1924 2998 2201 3077 procellis

285 3104 566 3165 civilibus
595 3102 669 3162 ad
699 3101 1169 3161 incolumitatem
1197 3099 1509 3180 pervenit'l

374 3296 489 3354 XI.
531 3293 770 3368 Quibus
816 3313 894 3352 ex
941 3293 1116 3352 malis
1155 3303 1221 3350 ut
1266 3311 1331 3350 se
1380 3285 1643 3357 emersit,
1677 3284 1823 3343 nihil
1870 3283 2027 3344 aliud
2062 3285 2201 3364 egit,

287 3411 478 3472 quam
525 3403 592 3448 ut
645 3389 936 3468 plurimis,
986 3387 1200 3465 quibus
1247 3387 1431 3444 rebus
1481 3395 1701 3463 posset,
1748 3395 1905 3440 esset
1960 3383 2203 3443 auxilio·

287 3489 510 3559 Quum
535 3484 900 3565 proscriptos
926 3481 1186 3560 praemiis
1207 3481 1629 3559 imperatorum
1649 3481 1863 3557 vulgus
1892 3478 2205 3554 conquire-

284 3596 408 3652 ret,
435 3602 614 3639 nemo
648 3581 708 3638 in
736 3580 994 3659 Epirum
1022 3578 1204 3647 venit,
1233 3575 1331 3634 cui
1363 3595 1461 3634 res
1496 3577 1615 3634 ulla
1648 3573 1938 3641 defuerit3
1981 3568 2207 3628 nemini

286 3698 418 3740 non
444 3677 530 3734 ibi
557 3688 853 3754 perpetuo
887 3671 1162 3732 manendi
1193 3683 1451 3751 potestas
1484 3669 1641 3728 facta
1674 3679 1783 3725 est.
1864 3662 1991 3733 Qui
2026 3661 2207 3720 etiam

287 3785 437 3855 post
481 3771 759 3850 proelium
803 3769 1194 3848 Philippense
1240 3766 1663 3841 interitumque
1698 3760 1771 3820 C.
1792 3756 1987 3817 Cassii
2026 3769 2087 3816 et
2120 3757 2207 3816 M.
