2525 4409
354 388 369 398 ,
440 321 531 378 88
732 307 743 316 “
1130 334 1197 376 u.
1230 333 1292 374 τ.
1324 331 1652 374 mosaoms

442 467 631 526 tium:
672 464 804 543 quis
842 463 1001 524 hunc
1044 483 1167 522 non
1212 475 1386 544 putet
1429 462 1714 532 confiteri,
1747 461 1862 522 sibi
1899 463 2156 540 quaesito
2203 485 2354 544 opus

442 561 620 621 esse‘l
718 560 834 618 Cui
866 559 1117 636 quaesito
1157 572 1360 618 autem
1401 578 1550 636 opus
1589 557 1688 626 sit,
1717 557 1850 634 quis
1891 578 2156 636 unquam
2195 561 2354 620 hunc

442 675 585 714 vere
614 655 833 713 dixerit
860 654 1145 712 divitem?
1226 658 1322 712 47.
1355 653 1442 711 Et
1473 653 1636 710 euim
1661 652 2002 710 divitiarum
2025 653 2257 715 fructus
2291 657 2353 714 iu

440 750 651 827 copia:
690 749 921 827 copiam
950 761 1151 808 autem
1172 747 1436 826 declarat
1463 747 1702 806 satietas
1729 767 1934 806 rerum
1953 760 2130 824 atque
2161 750 2350 808 abun-

442 843 679 902 dantia:
724 863 901 921 quam
933 855 1001 902 tu
1034 843 1312 920 quoniam
1343 849 1644 920 nunquam
1678 863 2014 920 assequere,
2042 864 2350 922 nunquam

440 940 680 998 omnino
720 960 785 998 es
824 939 1059 998 futurus
1098 938 1284 996 dives.
1367 939 1570 998 Meam
1611 951 1812 996 autem
1847 939 2125 1016 quoniam
2165 961 2350 1018 pecu-

441 1033 603 1094 niam
648 1033 991 1104 contemnis,
1020 1045 1079 1092 et
1121 1045 1284 1092 recte
1329 1034 1448 1112 (est
1491 1033 1652 1092 enim
1695 1032 1770 1091 ad
1803 1033 1968 1110 vulgi
2001 1033 2352 1118 opinionem

438 1125 795 1201 ‘mediocris3
846 1128 921 1188 ad
956 1140 1136 1198 tuam,
1171 1129 1368 1199 nulla3
1419 1127 1496 1186 ad
1529 1147 1742 1198 meam,
1775 1127 2072 1205 modica);
2123 1129 2202 1187 de
2243 1149 2347 1190 me

438 1225 667 1284 silebo:
708 1225 787 1283 de
818 1243 887 1282 re
912 1224 1137 1300 loquar.
1218 1227 1314 1282 48.
1349 1222 1418 1281 Si
1451 1221 1752 1282 censenda
1780 1222 1950 1281 nobis
1981 1235 2158 1300 atque
2189 1224 2346 1282 aesti·

440 1320 661 1378 manda
686 1339 785 1380 res
810 1318 909 1389 sit,
928 1331 1123 1376 utrum
1148 1317 1391 1377 tandem
1418 1317 1608 1396 pluris
1633 1318 1996 1376 aestimemus
2021 1318 2350 1396 pecuniam

440 1415 677 1492 Pyrrhi,
712 1434 892 1492 quam
928 1411 1207 1474 Fabricio
1246 1412 1447 1481 dabat,
1483 1433 1562 1470 au
1601 1412 2022 1472 continentiam
2053 1413 2346 1484 Fabricii,

438 1510 541 1586 qui
561 1509 724 1569 illam
751 1509 1081 1588 pec-uniam‘
1093 1507 1488 1585 repudiabat‘l
1523 1519 1720 1565 utrum
1747 1527 1960 1566 aurum
1986 1507 2348 1579 Samnitum,

442 1625 517 1662 an
556 1625 899 1684 responsum
934 1604 1039 1661 Μ’.
1058 1601 1267 1661 Curii?
1309 1601 1703 1660 hereditatem
1737 1601 1812 1658 L.
1832 1602 2045 1670 Paulli,
2079 1623 2156 1660 an
2191 1603 2347 1660 libe—

440 1699 732 1756 ralitatem
765 1697 1054 1766 Africani,
1090 1697 1192 1774 qui
1224 1697 1356 1776 ejus
1388 1696 1732 1756 hereditatis
1761 1696 1844 1770 Q.
1863 1697 2129 1756 Maximo
2167 1698 2350 1757 fratri

440 1806 673 1870 partem
714 1811 882 1850 suam
922 1792 1252 1854 concessit‘t
1332 1793 1488 1852 Hoec
1520 1791 1802 1870 proiecto,
1836 1813 1970 1870 quae
2009 1806 2146 1852 sunt
2179 1813 2350 1852 sum·

440 1903 675 1942 mamm
708 1884 1003 1955 virtutum,
1037 1886 1225 1964 pluris
1265 1885 1614 1947 aestimanda
1652 1899 1807 1957 sunt,
1835 1906 2017 1965 quam
2050 1877 2171 1957 illa,
2205 1910 2350 1966 quae

442 1989 575 2037 sunt
616 1979 903 2058 pecuniae.
984 1979 1141 2052 Quis
1172 1981 1356 2059 igitur
1389 1981 1464 2058 (si
1499 1981 1759 2058 quidem,
1787 1994 1854 2040 ut
1886 1982 2153 2060 quisque,
2175 1983 2350 2060 quod

440 2074 686 2154 plurimi
715 2075 811 2145 sit,
833 2075 1155 2154 possideat,
1179 2076 1260 2134 ita
1279 2075 1604 2135 ditissimus
1631 2076 1937 2135 habendus
1963 2077 2063 2154 sit)
2087 2077 2348 2148 dubitet,

442 2171 578 2248 quin
602 2171 663 2230 in
685 2171 901 2229 virtute
922 2169 1143 2228 divitiae
1170 2169 1327 2232 siuti
1361 2169 1642 2248 quoniam
1661 2171 1822 2228 nulls
1844 2172 2155 2250 possessio,
2175 2175 2350 2231 nulla

440 2266 531 2325 vis
558 2266 687 2325 auri
714 2277 775 2324 et
802 2264 1052 2344 argenti,
1078 2265 1287 2342 pluris,
1317 2285 1495 2342 quam
1523 2265 1727 2335 virtus,
1756 2266 2106 2324 aestimanda
2131 2280 2249 2326 est.

522 2452 639 2510 ΠΙ.
696 2457 793 2510 49.
834 2453 889 2511 O
928 2454 1013 2512 dii
1052 2455 1444 2514 immortales!
1503 2475 1624 2536 qon
1672 2455 2010 2534 intelligunt
2050 2457 2348 2528 homines,

443 2566 619 2622 quam
646 2563 923 2624 magnum
950 2549 1206 2627 vectigal
1230 2549 1308 2608 sit
1331 2550 1710 2628 parsimonia.
1788 2550 1991 2609 Venio
2023 2552 2188 2610 enim
2213 2552 2351 2631 jam

442 2640 521 2698 ad
546 2653 903 2702 sumtuosos:
937 2644 1210 2722 relinquo
1236 2644 1412 2702 istum
1435 2657 1853 2722 quaestuosum.
1934 2646 2118 2724 Capit
2138 2645 2246 2704 ille
2267 2638 2350 2704 ex

442 2735 563 2800 suis
588 2736 829 2815 praediis
862 2757 1125 2798 sexcena
1160 2738 1460 2809 sestertia3
1497 2759 1614 2817 ego
1639 2751 1890 2797 centena
1915 2759 1995 2797 ex
2022 2740 2202 2799 meis:
2239 2740 2352 2810 illi,

442 2844 651 2890 aurata
682 2843 838 2890 tecta
872 2831 933 2890 in
965 2831 1119 2891 villis
1152 2845 1215 2891 et
1247 2833 1374 2890 sola
1405 2853 1736 2892 marmorea
1765 2834 2021 2902 facienti,
2052 2846 2116 2892 et
2147 2835 2350 2913 signa,

439 2928 687 2998 tabulas,
726 2928 1183 3007 supellectilem,
1224 2941 1288 2985 et
1328 2940 1556 2986 vestem
1601 2927 1825 2986 infinite
1873 2929 2351 3007 concupiscenti,

438 3040 559 3081 non
589 3021 765 3080 modo
791 3021 867 3080 ad
894 3035 1155 3081 sumtum
1182 3021 1290 3080 ille
1317 3034 1410 3080 est
1430 3021 1670 3091 Fructus,
1699 3022 1809 3080 sed
1839 3022 2022 3081 etiam
2053 3024 2128 3082 ad
2149 3025 2353 3094 fenus,

294 3119 310 3133 “
378 3139 381 3144 ·
440 3117 712 3194 exiguus.
790 3117 893 3175 Ex
924 3136 1061 3176 meo
1088 3117 1251 3174 tenui
1279 3117 1578 3196 vectigali,
1605 3116 1882 3175 detractis
1915 3118 2210 3176 sumtibus
2243 3140 2354 3176 cu-

423 3209 717 3285 piditatis,
746 3211 964 3288 aliquid
1002 3212 1178 3270 etiam
1204 3211 1588 3270 redundabit.
1669 3208 1826 3270 Uter
1858 3211 2042 3290 igitur
2075 3223 2170 3270 est
2200 3213 2356 3270 divi-

440 3303 575 3371 tior,
604 3303 699 3360 cui
720 3303 909 3375 deest,
919 3285 1015 3364 ‘an
1042 3307 1137 3366 cui
1162 3313 1410 3386 superat
1427 3307 1456 3366 ‘t
1485 3306 1588 3384 qui
1613 3319 1770 3384 eget,
1799 3326 1875 3364 an
1903 3307 2006 3382 qui
2034 3307 2304 3365 abundat
2329 3309 2356 3368 ‘3

440 3398 613 3476 cujus
641 3398 933 3476 possessio
954 3421 1071 3476 quo
1096 3413 1189 3460 est
1216 3402 1422 3480 major,
1445 3422 1519 3460 eo
1547 3403 1678 3479 plus
1705 3401 1958 3477 requirit
1985 3400 2060 3458 ad
2081 3421 2150 3459 se
2180 3416 2358 3460 tuen·-

440 3493 577 3551 dam
600 3514 614 3552 ε
650 3513 725 3552 an
754 3513 887 3570 quae
914 3495 1036 3553 suis
1062 3515 1129 3554 se
1155 3495 1378 3555 viribus
1407 3495 1698 3556 sustinet‘l
1779 3500 1876 3552 50.
1913 3495 2038 3554 Sed
2062 3496 2205 3573 quid
2229 3518 2366 3574 ego

440 3588 519 3645 de
550 3609 647 3646 me
669 3590 899 3666 loquor,
927 3589 1031 3666 qui
1060 3610 1292 3650 morum
1326 3611 1396 3649 ac
1429 3604 1764 3668 temporum
1797 3589 1941 3648 vitio
1975 3590 2366 3666 aliquantum

440 3682 621 3742 etiam
660 3684 793 3762 ipse
830 3683 1081 3744 sonasse
1114 3685 1176 3755 in
1206 3686 1386 3765 hujus
1427 3685 1632 3746 saeculi
1675 3704 1879 3745 errore
1911 3686 2156 3745 verser}
2239 3686 2370 3749 M3.
