2525 4409
407 355 490 412 80
1089 362 1158 404 Μ.
1191 362 1250 404 Τ.
1283 361 1605 404 clcnnoms

407 495 668 576 privatis,
691 514 760 554 ac
786 493 839 553 si
857 493 1297 571 magistratibus
1322 512 1535 552 manus
1566 489 1850 551 afferant?
1892 513 2317 572 quamcunque

405 592 470 648 in
504 591 746 648 domum
779 602 1050 668 stuprum
1085 588 1412 658 intulerint,
1440 587 1693 646 eandem
1728 606 1859 645 esse
1887 589 2083 646 labem
2110 589 2314 647 libidi-

407 684 546 743 nis?
623 689 723 742 24.
759 684 1001 742 Nihilne
1031 683 1218 758 igitur
1249 683 1479 740 interest
1518 684 1680 758 (nam
1713 683 1826 741 hoc
1866 682 2023 741 dicet
2064 683 2311 760 aliquis)

405 789 640 856 patrem
671 779 798 853 quis
822 789 1017 847 enecet,
1045 797 1124 836 an
1149 792 1372 836 servum
1390 779 1420 835 ?
1501 777 1684 836 Nuda
1711 777 1821 836 ista
1844 778 1895 835 si
1924 799 2127 858 ponas,
2146 780 2313 857 judi-

409 873 548 941 cari,
575 872 774 949 qualia
798 873 931 942 sint,
958 892 1076 930 non
1103 871 1279 930 facile
1308 884 1572 950 possunt.
1654 873 1899 932 Patrem
1926 873 2045 930 vita
2072 873 2312 950 privare

409 968 460 1025 si
488 986 601 1045 per
632 987 697 1026 se
731 969 924 1026 scelus
953 979 1076 1026 est:
1121 966 1453 1044 Saguntini,
1484 965 1588 1044 qui
1615 979 1891 1044 parentes
1922 987 2066 1026 suos⁴
2088 967 2313 1026 liberos

411 1063 618 1132 emori,
648 1083 828 1139 quam
867 1082 1066 1120 servos
1099 1061 1301 1120 vivere
1336 1063 1686 1130 maluerunt,
1709 1061 2023 1141 parricidae
2052 1061 2313 1121 fuerant.

411 1156 582 1234 Ergo
611 1169 674 1214 et
699 1157 926 1235 parenti
950 1175 1376 1233 nonnunquam
1414 1153 1598 1214 adimi
1626 1156 1745 1214 vita
1780 1156 1907 1214 sine
1942 1159 2171 1214 scelere
2202 1177 2313 1236 po-

412 1263 561 1309 test:
599 1263 660 1308 et
687 1271 856 1310 servo
883 1271 1044 1329 saepe
1071 1251 1200 1309 sine
1227 1250 1445 1328 injuria
1469 1271 1585 1308 non
1612 1262 1819 1328 potest.
1902 1251 2101 1309 Causa
2126 1243 2315 1328 igitur

412 1347 558 1417 haec,
585 1367 704 1406 non
735 1359 947 1406 natura
973 1345 1311 1426 distinguit3
1358 1365 1489 1422 quae
1520 1344 1757 1422 quando
1787 1358 1920 1402 utro
1954 1346 2219 1412 accessit,
2248 1345 2314 1403 id

415 1442 480 1500 fit
500 1442 882 1520 propensius3
917 1439 966 1498 si
988 1454 1239 1518 utroque
1268 1439 1551 1518 adjuncta
1576 1451 1681 1506 est,
1704 1438 1873 1516 paria
1892 1439 2047 1507 fiant,
2070 1457 2315 1498 necesse

417 1550 524 1596 est.
605 1541 700 1594 25.
742 1535 900 1595 Illud
935 1547 1137 1595 tamen
1172 1535 1433 1603 interest,
1462 1533 1623 1610 quod
1650 1532 1711 1588 in
1744 1553 1915 1590 servo
1946 1534 2239 1602 necand0,
2266 1532 2319 1591 ai

417 1631 479 1688 id
499 1632 564 1688 fit
582 1631 812 1708 injuria,
835 1630 1018 1689 semel
1040 1641 1357 1706 peccatum
1394 1628 1454 1684 in
1482 1627 1667 1704 patris
1692 1627 1813 1684 vita
1838 1626 2109 1684 violanda
2129 1629 2321 1685 multa
2364 1687 2377 1695 ,

417 1739 756 1803 peccantur.
835 1721 1116 1779 Violatur
1147 1721 1214 1788 is,
1245 1721 1347 1797 qui
1375 1721 1743 1799 procreavit:
1786 1721 1853 1789 is,
1884 1721 1986 1798 qui
2021 1721 2203 1780 aluit:
2244 1721 2321 1792 is,

421 1819 522 1894 qui
555 1815 842 1874 erudivit:
885 1815 953 1880 is,
982 1814 1082 1889 qui
1107 1813 1167 1871 in
1202 1814 1350 1871 sede
1384 1833 1453 1871 ac
1486 1813 1664 1872 domo
1698 1829 1875 1892 atque
1908 1815 1968 1872 in
2008 1816 2323 1894 republica

421 1909 740 1968 collocavit.
821 1906 1207 1966 Multitudine
1233 1919 1611 1986 peccatorum
1639 1922 1894 1987 praestat,
1922 1929 2117 1987 eoque
2144 1929 2328 1988 poena

421 2005 646 2082 majore
676 2002 888 2080 dignus
917 2015 1022 2060 est.
1103 2001 1228 2060 Sed
1251 2021 1360 2060 nos
1385 2001 1445 2058 in
1474 2001 1607 2072 vita,
1634 2023 1751 2060 non
1782 2025 1916 2080 quae
1944 2004 2160 2081 cuique
2187 2024 2327 2081 pec·

423 2113 560 2160 cato
592 2119 769 2176 poena
801 2097 898 2169 sit,
925 2096 1032 2154 sed
1059 2108 1338 2174 quantum
1372 2095 1587 2175 cuique
1610 2097 1809 2168 liceat,
1838 2110 2109 2176 spectare
2144 2098 2327 2156 debe-

421 2213 592 2254 mus:
641 2193 928 2272 quidquid
969 2213 1088 2250 non
1128 2204 1382 2270 oportet,
1418 2194 1820 2262 sceluslesset
1870 2191 2163 2270 quidquid
2202 2213 2329 2252 non

424 2291 585 2358 licet,
614 2289 777 2346 nefas
803 2301 1016 2366 putare
1044 2285 1349 2346 debemus.
1430 2279 1708 2344 Etiamne
1736 2285 1797 2344 in
1825 2286 2079 2345 minimis
2108 2288 2330 2346 rebusl

425 2382 666 2442 Etiam:
709 2381 758 2440 si
787 2381 1028 2459 quidem
1059 2399 1263 2438 rerum
1296 2379 1539 2439 modum
1566 2378 1793 2458 fingere
1825 2401 1942 2438 non
1976 2401 2292 2458 possumus
2310 2405 2326 2454 ;

425 2476 754 2533 animorum
781 2473 1024 2531 modum
1049 2484 1257 2530 tenere
1285 2493 1620 2551 possumus.
1700 2479 1796 2533 26.
1830 2475 2058 2534 Histrio
2084 2476 2134 2532 si
2162 2477 2332 2554 paul-

425 2571 548 2625 lum
584 2587 648 2624 se
683 2566 866 2624 movit
899 2577 1067 2623 extra
1098 2585 1435 2634 numerum,
1462 2579 1566 2624 aut
1598 2565 1647 2625 si
1676 2586 1885 2626 versus
1918 2570 2331 2646 pronuntiatus

427 2675 516 2721 est
542 2661 765 2738 syllaba
789 2679 906 2718 una
929 2659 1164 2716 brevior
1191 2671 1291 2718 aut
1315 2659 1561 2736 longior,
1591 2661 1943 2719 exsibilatur
1968 2675 2031 2720 et
2058 2663 2331 2741 explodi-

425 2769 555 2815 tur:
611 2755 672 2812 in
705 2753 825 2814 vita
861 2761 944 2824 tu,
979 2773 1111 2829 quae
1145 2754 1307 2812 omni
1342 2766 1509 2832 gestu
1546 2753 1924 2824 moderatior,
1956 2759 2123 2815 omni
2156 2779 2333 2818 versu
2404 2777 2415 2784 “

427 2851 620 2929 aptior
641 2868 774 2910 esse
795 2849 994 2919 debet,
1013 2848 1158 2906 utin
1179 2849 1408 2926 syllaba
1428 2860 1489 2907 te
1507 2869 1788 2927 peccasse
1806 2849 2005 2909 dices?
2068 2851 2331 2912 Poetam

425 2967 545 3006 non
567 2945 746 3005 audio
766 2945 827 3003 in
847 2943 1050 3022 nugis:
1085 2943 1147 3000 in
1169 2943 1304 3002 vitae
1326 2940 1611 3002 societate
1634 2944 1869 3002 audiam
1894 2945 2103 3017 civem,
2128 2945 2333 3025 digitis

425 3054 674 3120 peccata
715 3040 1120 3098 dimetientem
1167 3038 1315 3118 sual
1396 3038 1554 3111 Quae
1597 3037 1647 3096 si
1685 3039 1813 3098 visa
1856 3052 1993 3098 sunt
2031 3040 2330 3114 breviora,

411 3136 650 3218 ‚leviora
679 3135 780 3212 qui
809 3134 1038 3213 possint
1079 3130 1288 3203 videri,
1335 3153 1537 3210 quum,
1564 3133 1849 3211 quidquid
1875 3147 2173 3212 peccatur,
2198 3157 2333 3214 per-

428 3229 762 3286 turbatione
809 3240 1096 3306 peccetur
1143 3227 1387 3287 rationis
1434 3241 1614 3305 atque
1662 3227 1918 3300 ordinis3
1980 3232 2333 3307 perturbata

430 3333 629 3378 autem
655 3321 840 3378 semel
858 3321 1088 3378 ratione
1116 3331 1178 3378 et
1202 3321 1428 3392 ordine,
1440 3321 1585 3383 nihil
1606 3321 1793 3400 possit
1818 3321 1975 3394 addi,
1994 3343 2115 3402 quo
2136 3325 2333 3403 magis

428 3413 666 3492 peccari
693 3431 870 3490 posse
896 3411 1202 3474 videatur?
