2525 4409
394 366 515 426 108
1038 373 1197 418 cons
1206 371 1335 414 mr
1373 369 1639 414 nero-rm

387 512 517 570 lere
558 505 999 567 similitudinem
1036 521 1292 572 morum,
1323 520 1506 580 quem
1545 499 1904 560 affinitatem.
1995 499 2314 560 Utebatur

390 617 588 664 sutem
620 601 825 660 intime
858 598 944 670 Q.
962 597 1307 666 Hortensio,
1335 595 1437 673 qui
1463 595 1556 654 his
1596 594 1964 674 temporibus
1998 595 2309 673 principe-

388 713 517 758 tum
544 695 896 774 eloqueutiae
926 693 1187 763 tenebat,
1214 704 1282 750 ut
1307 689 1556 768 intelligi
1583 709 1701 748 non
1735 702 1954 769 posset,
1985 701 2127 748 uter
2157 710 2308 749 eum

386 797 523 874 plus
564 793 861 869 diligeret,
888 789 1127 859 Cicero,
1166 808 1240 847 sn
1283 785 1644 846 Hortensius
1663 807 1682 845 t
1739 797 1802 842 et
1841 784 1924 855 id,
1959 784 2126 862 quod
2169 797 2306 844 eret

390 886 821 956 difficillimum,
846 883 1159 953 efficiebat,
1188 895 1274 952 ut,
1301 881 1458 940 inter
1489 899 1638 957 quos
1683 891 1863 938 tnntae
1895 878 2096 938 leudis
2135 892 2304 938 esset

389 980 703 1050 aemulatio,
730 981 899 1039 nulla
932 977 1328 1038 intercederet
1363 974 1734 1046 obtrectatio,
1759 987 2040 1051 essetque
2081 974 2302 1032 talium

388 1077 648 1136 virorum
674 1075 905 1154 copule.

470 1267 581 1324 VI.
628 1265 701 1325 In
739 1261 1049 1343 republica
1084 1261 1169 1320 its
1209 1273 1472 1320 versatus
1509 1271 1620 1331 est,
1649 1271 1722 1318 ut
1761 1277 2005 1338 semper
2039 1259 2297 1337 optime-

392 1383 525 1422 rum
558 1359 813 1439 partium
852 1369 913 1417 et
950 1368 1111 1416 esset
1147 1363 1209 1414 et
1246 1355 1704 1426 existimaretur,
1733 1373 1936 1432 neque
1977 1366 2182 1413 tamen
2225 1373 2296 1412 se

396 1457 667 1515 civilibus
685 1453 961 1514 fluctibus
988 1449 1398 1516 committeret.
1421 1449 1583 1527 quod
1600 1469 1722 1508 non
1746 1449 1938 1528 magis
1963 1469 2068 1508 eos
2095 1448 2154 1506 in
2177 1468 2298 1508 sue

395 1562 687 1629 potesth
713 1545 1091 1608 existimabat
1114 1564 1270 1613 esse,
1297 1543 1402 1622 qui
1427 1564 1494 1604 se
1519 1543 1613 1602 hi·
1639 1543 1960 1612 dedissent,
1981 1561 2158 1620 quem
2183 1543 2298 1620 qui

396 1643 709 1702 maritimis
726 1643 1112 1722 jactarentur.
1194 1639 1474 1698 Honores
1491 1657 1614 1698 non
1635 1637 1824 1717 petiit,
1845 1657 2028 1716 quum
2047 1637 2107 1696 ei
2125 1650 2297 1716 pete-

396 1749 527 1794 rent
552 1749 801 1814 propter
818 1737 915 1794 vel
944 1735 1197 1812 gretiam
1216 1733 1316 1793 vei
1334 1733 1689 1811 dignitatem
1706 1754 1726 1792 ε
1761 1732 1923 1810 quod
1941 1752 2138 1808 neque
2163 1733 2301 1810 peti

397 1849 563 1886 more
592 1829 905 1904 majorum,
922 1847 1121 1904 neque
1146 1828 1281 1907 cepi
1301 1840 1544 1907 possent
1571 1827 1932 1886 conservatis
1957 1826 2211 1905 legibus,
2235 1827 2300 1886 in

398 1935 521 1980 tam
556 1921 755 1980 effusis
786 1921 1041 1980 ambitus
1068 1923 1496 2000 largitionibus,
1522 1941 1722 1999 neque
1757 1921 1886 2001 geri
1917 1908 2304 2000 erepublica

398 2017 527 2075 sine
548 2016 839 2096 periculo,
854 2017 1145 2095 corruptis
1163 2017 1416 2077 civitatis
1439 2017 1716 2076 moribus.
1778 2017 1878 2076 Ad
1900 2018 2125 2076 hastam
2144 2019 2303 2095 pub-

396 2095 577 2172 licam
602 2132 903 2190 nunquam
936 2112 1201 2172 accessit.
1285 2111 1528 2172 Nullius
1557 2111 1650 2170 r'ei
1675 2130 1870 2188 neque
1897 2132 2068 2190 praes,
2096 2131 2304 2188 neque

400 2229 681 2288 manceps
708 2208 895 2268 factus
920 2220 1027 2269 est.
1106 2207 1435 2268 Neminem
1461 2227 1658 2284 neque
1685 2225 1793 2266 suo
1819 2206 2076 2276 nomine,
2097 2225 2304 2282 neque

400 2306 792 2374 subscribens,
823 2302 1135 2363 accusavit.
1217 2301 1293 2360 Iu
1326 2301 1427 2380 jus
1469 2300 1550 2360 de
1595 2321 1704 2360 sua
1743 2321 1809 2360 re
1851 2319 2147 2377 nunquam
2205 2298 2302 2369 iit,

401 2399 699 2477 judicium
724 2400 951 2456 nullum
972 2398 1190 2474 habuit.
1271 2395 1600 2456 Multorum
1622 2397 1934 2456 consulum
1951 2407 2304 2474 praetorum·

400 2511 517 2566 que
548 2490 935 2568 praefecturas
968 2489 1197 2550 delatas
1236 2490 1324 2550 sic
1363 2490 1630 2568 accepit,
1645 2502 1710 2548 ut
1742 2491 2043 2550 neminem
2067 2490 2130 2548 in
2162 2511 2306 2568 pro-

401 2575 667 2642 vinciam'
687 2583 765 2641 sit
790 2595 1045 2655 secutus,
1071 2586 1296 2648 honore
1323 2584 1502 2644 fuerit
1525 2595 1854 2654 contentus,
1879 2583 1971 2644 rei
1993 2583 2308 2648 familiaris

404 2678 751 2756 despexerit
794 2678 1087 2739 fructum:
1145 2681 1250 2758 qui
1292 2699 1370 2741 ne
1419 2699 1554 2740 cum
1595 2679 1677 2750 Q.
1711 2679 1956 2761 quidem
2001 2679 2308 2738 Cicerone

403 2773 655 2832 voluerit
682 2773 771 2832 ire
796 2773 859 2832 in
886 2774 1113 2845 Asiam,
1143 2794 1326 2852 quum
1361 2773 1688 2853 spudeum
1713 2774 1896 2852 legati
1923 2775 2122 2833 locum
2149 2773 2307 2832 obti-

403 2889 549 2928 nere
592 2882 809 2948 posset.
907 2869 1046 2928 Non
1086 2869 1247 2928 enim
1290 2868 1510 2928 decere
1551 2889 1619 2928 se
1667 2869 2074 2938 arbitrabatur,
2115 2888 2307 2946 quum

402 2978 721 3044 praeturam
750 2985 959 3044 gerere
984 2963 1297 3034 noluisset,
1324 2965 1612 3026 asseclam
1637 2984 1769 3024 esse
1797 2964 2084 3043 praetoris.
2157 2963 2310 3034 Qua

405 3059 467 3116 in
498 3081 565 3117 re
596 3081 717 3120 non
750 3062 945 3120 solum
973 3057 1248 3138 dignitati
1279 3059 1597 3130 serviebat,
1621 3058 1736 3118 sed
1763 3059 1942 3118 etiam
1975 3058 2307 3137 tranquilli-

406 3156 529 3224 tati,
566 3177 748 3232 quum
792 3155 1163 3236 suspiciones
1212 3175 1449 3232 quoque
1493 3155 1706 3214 vitaret
1751 3153 2079 3215 criminum.
2159 3153 2309 3226 Quo

407 3247 605 3315 fiebas
622 3261 689 3306 ut
710 3250 839 3326 ejus
860 3245 1231 3310 obser-ventis„
1248 3249 1524 3309 omnibus
1549 3260 1714 3309 esset
1735 3249 1939 3320 carior,
1957 3269 2144 3326 quum
2169 3269 2309 3310 eam

410 3339 625 3409 officio,
652 3361 771 3398 non
796 3343 994 3400 timori
1020 3365 1220 3423 neque
1248 3345 1384 3424 spei
1407 3344 1592 3403 tribui
1613 3343 1905 3404 viderent.

490 3531 636 3590 VII.
678 3530 901 3591 Incidit
922 3531 1336 3594 Caeam-imum
1369 3533 1816 3604 civile-bellum,
1843 3555 2028 3612 quum
2061 3535 2310 3595 heberet

412 3647 593 3687 annos
614 3629 851 3688 circiter
870 3629 1197 3707 sexaginta.
1265 3629 1428 3690 Usus
1449 3642 1538 3689 est
1557 3629 1744 3688 aetstis
1764 3629 2091 3700 vacatione,
2113 3650 2308 3707 neque

413 3740 479 3778 se
532 3743 833 3801 quoquam
886 3724 1069 3786 movit
1116 3745 1194 3784 ex
1236 3722 1417 3784 urbe.
1500 3723 1680 3796 ‚Quae
1729 3723 1932 3800 amicis
1985 3724 2110 3786 suis
2161 3745 2309 3804 opus
