2525 4409
423 352 502 410 10
877 364 946 406 u.
977 365 1037 406 τ.
1069 359 1395 406 cressonis
1436 359 1602 401 caro
1637 357 1869 410 masos,
1942 357 1951 368 ·

417 498 502 558 Et
529 499 716 555 multa
736 496 998 563 fortasse,
1022 514 1154 571 quae
1175 493 1334 551 vult:
1380 503 1554 568 atque
1580 490 1641 548 in
1670 511 1743 548 ea
1762 488 2024 566 quidem,
2042 507 2177 565 quoe
2206 507 2327 545 non

417 595 563 659 vult,
594 611 756 670 saepe
797 590 976 670 etiam
1018 587 1417 647 adolescentia
1448 585 1712 644 incurrit.
1794 583 1953 642 Illud
1988 602 2131 641 vero
2164 581 2328 640 idem

421 687 704 765 Coecilius
733 685 1031 744 vitiosius:

595 781 742 840 Tum
770 781 1027 856 equidem
1055 781 1118 837 in
1145 788 1365 836 senecta
1390 778 1494 834 hoc
1521 776 1730 852 deputo
1756 776 2157 843 miserrimum,

585 877 812 935 Sentire
838 895 905 932 ea
935 885 1100 930 catate
1125 893 1238 930 esse
1265 892 1324 929 se
1347 871 1604 929 odiosum
1630 870 1821 928 alteri.

423 977 517 1029 26.
545 971 587 1029 J
591 970 892 1028 ucundum
911 969 1125 1047 potius,
1143 987 1319 1044 quam
1338 966 1637 1025 odiosum!
1705 964 1792 1022 Ut
1810 964 1968 1022 enim
1987 963 2325 1022 adolescen-

425 1068 601 1135 tibus,
631 1067 787 1124 bona
827 1064 1028 1122 indole
1072 1063 1355 1142 praeditis,
1388 1061 1683 1140 sapientes
1723 1080 1895 1118 senes
1936 1060 2326 1128 delectantur,

422 1163 734 1238 leviorque
767 1162 834 1218 fit
867 1179 1072 1218 eorum
1105 1171 1395 1226 senectae,
1424 1157 1524 1234 qui
1554 1178 1589 1215 a
1612 1157 1923 1235 juventute
1958 1156 2231 1212 coluntur
2262 1167 2329 1212 et

422 1257 781 1334 diliguntur:
843 1254 928 1314 sic
971 1255 1381 1312 adolescentes
1426 1272 1636 1310 senum
1680 1249 1995 1329 praeceptis
2042 1249 2326 1327 gaudent,

423 1353 638 1430 quibus
661 1352 740 1410 ad
758 1352 1040 1409 virtutum
1067 1350 1267 1407 studia
1287 1349 1602 1406 ducuntur.
1669 1348 1730 1405 N
1734 1367 1805 1404 ec
1826 1347 2017 1404 minus
2040 1346 2327 1423 intelligo,

424 1469 523 1506 me
559 1448 744 1518 vobis,
773 1465 950 1524 quam
985 1445 1127 1502 mihi
1155 1465 1261 1502 vos
1298 1441 1427 1502 esse
1451 1442 1767 1521 jucundos
1850 1442 1972 1499 Sed
2000 1441 2230 1510 videtis,
2260 1454 2330 1498 ut

335 1395 698 1624 Lsenectus
737 1563 857 1601 non
901 1541 1082 1598 modo
1114 1539 1399 1618 languida
1432 1553 1609 1615 atque
1642 1538 1799 1595 iners
1838 1557 1959 1595 non
2000 1536 2092 1604 sit,
2120 1555 2329 1593 verum

423 1640 604 1698 etiam
646 1639 722 1697 sit
765 1658 1014 1716 operosa
1055 1650 1116 1694 et
1155 1619 1395 1714 semper
1436 1655 1615 1713 agens
1657 1633 1898 1711 aliquid,
1934 1646 1995 1691 et
2034 1633 2327 1702 moliens3

423 1736 541 1792 tale
571 1734 817 1799 scilicet,
837 1733 1011 1808 quale
1042 1732 1327 1807 cujusque
1355 1730 1615 1788 studium
1642 1730 1701 1786 in
1734 1729 2038 1807 superiore
2061 1729 2179 1785 vita
2198 1727 2330 1786 fuit.

425 1827 618 1898 Quid,
665 1825 768 1902 qui
815 1827 994 1884 etiam
1023 1825 1335 1884 addiscunt
1361 1827 1626 1904 aliquid'l
1668 1840 1735 1884 ut
1758 1827 2039 1885 Solonem
2060 1826 2331 1884 versibus

426 1922 782 1999 gloriantem
817 1921 1102 1990 videmus,
1132 1921 1234 1997 qui
1270 1941 1335 1979 se
1362 1917 1629 1999 quotidie
1666 1921 1888 1998 aliquid
1920 1920 2331 1979 addiscentem

423 2016 572 2074 dicit
613 2037 818 2074 senem
859 2017 1023 2088 fieri3
1067 2029 1134 2074 ut
1171 2037 1291 2094 ego
1322 2016 1456 2086 feci,
1486 2017 1587 2093 qui
1622 2017 1867 2075 Graecas
1901 2017 2100 2074 literas
2141 2035 2332 2075 senex

423 2110 642 2169 didici:
693 2131 840 2188 quas
877 2111 1116 2189 quidem
1160 2111 1246 2170 sic
1290 2112 1463 2170 avide
1506 2112 1745 2190 arripui,
1785 2113 1955 2189 quasi
1990 2105 2332 2171 diuturnam

423 2206 580 2264 sitim
609 2207 856 2285 explere
889 2207 1156 2284 cupiens,
1183 2219 1251 2264 ut
1279 2227 1351 2264 ea
1378 2207 1507 2285 ipsa
1534 2207 1677 2264 mihi
1704 2221 1843 2264 nota
1878 2219 2089 2274 essent,
2113 2207 2331 2283 quibus

423 2322 520 2359 me
537 2322 694 2359 nunc
712 2302 1004 2379 exemplis
1023 2302 1108 2359 uti
1125 2301 1358 2360 videtis.
1425 2301 1611 2372 Quod
1634 2323 1769 2359 cum
1786 2302 1999 2360 fecisse
2016 2302 2331 2360 Socratem

422 2395 482 2452 in
504 2396 718 2453 fidibus
749 2395 1034 2465 audirem,
1059 2397 1274 2453 vellem
1304 2396 1585 2474 equidem
1614 2396 1795 2454 etiam
1826 2397 1974 2454 illud
1998 2396 2332 2474 (discebant

425 2489 584 2547 enim
614 2489 830 2546 fidibus
860 2490 1108 2566 antiqui)
1133 2513 1147 2549 :
1190 2490 1298 2548 sed
1327 2491 1385 2548 in
1413 2490 1601 2548 literis
1630 2505 1790 2548 certe
1820 2492 2135 2550 elaboravi.

505 2679 617 2737 IX.
659 2684 756 2738 27.
791 2679 926 2737 Nec
959 2701 1115 2738 nunc
1151 2681 1397 2757 quidem
1430 2681 1583 2738 vires
1618 2681 1895 2740 desidero
1937 2681 2359 2752 adolescentis·

426 2774 504 2851 (is
545 2775 702 2832 enim
745 2788 872 2833 erat
904 2776 1074 2834 locus
1117 2778 1272 2834 alter
1302 2776 1381 2835 de
1416 2775 1573 2834 vitiis
1613 2776 1978 2851 senectutis),
2002 2797 2133 2836 non
2174 2779 2328 2854 plus,

392 2840 600 2947 xquam
631 2869 969 2930 adolescens
997 2871 1170 2939 tauri,
1191 2884 1293 2929 aut
1316 2871 1615 2949 elephanti
1636 2871 2066 2930 desiderabam.
2144 2870 2326 2943 Quod

347 2864 401 3088 ί
422 2979 556 3053 estu
572 2987 649 3024 eo
693 2967 870 3024 decet
912 2966 1018 3036 uti,
1054 2979 1132 3035 et,
1169 2966 1457 3044 quidquid
1500 2988 1655 3044 agas,
1695 2989 1879 3046 agere
1928 2989 2037 3046 pro
2080 2968 2325 3026 viribus·

397 3062 590 3134 ‘Qum
611 3062 768 3120 enirn
797 3083 910 3120 vox
939 3075 1131 3141 potest
1159 3083 1291 3120 esse
1320 3063 1682 3131 contemtior,
1712 3083 1888 3139 quam
1915 3063 2155 3120 Milonis
2178 3065 2323 3121 Cro-

423 3157 701 3216 toniatae‘l
746 3158 864 3235 qui,
888 3179 1026 3217 cum
1051 3159 1175 3235 jam
1204 3177 1393 3215 senex
1422 3172 1591 3225 esset,
1616 3159 1985 3235 athletasque
2012 3178 2077 3216 se
2106 3159 2165 3215 in
2195 3179 2323 3217 cur-

421 3252 606 3308 riculo
635 3267 975 3310 exercentes
1002 3253 1248 3322 videret,
1273 3251 1619 3330 adspexisse
1648 3253 1897 3311 lacertos
1926 3272 2062 3308 suos
2084 3251 2324 3322 dicitur,

422 3345 899 3422 illacrimansque
954 3346 1194 3418 dixisse,
1258 3348 1343 3406 Ac
1380 3349 1444 3405 ln·
1484 3347 1715 3423 quidem
1759 3349 1970 3404 mortui
1995 3347 2133 3423 jam
2177 3358 2324 3405 sunt.

424 3440 564 3498 Non
599 3459 741 3497 vero
775 3454 896 3499 tam
922 3441 1039 3508 isti,
1067 3463 1244 3518 quam
1279 3455 1342 3499 tu
1373 3442 1500 3519 ipse
1533 3443 1819 3518 nugator!
1906 3441 2127 3518 Neque
2162 3443 2326 3498 enim

369 3567 386 3609 1.
421 3552 498 3591 ex
535 3547 594 3592 te
630 3553 886 3612 unquam
923 3554 988 3593 es
1015 3535 1385 3606 nobilitatus,
1421 3535 1525 3596 sed
1562 3556 1639 3593 ex
1673 3536 1957 3593 lateribus
1992 3547 2054 3592 et
2086 3536 2324 3592 lacertis

377 3620 390 3637 ”“
417 3630 552 3687 tuis.
636 3629 806 3687 Nihil
841 3629 984 3688 Sex.
1007 3627 1202 3688 AElifis
1245 3633 1383 3700 tale,
1419 3631 1563 3687 nihil
1606 3631 1804 3688 multis
1848 3631 2013 3688 annis
2054 3644 2189 3688 ante
2228 3630 2323 3688 Ti.

419 3723 848 3796 Coruncanius,
873 3724 1224 3819 nihil'modo
1248 3725 1320 3799 l?-
1339 3727 1607 3796 Crassus,
1631 3746 1668 3784 a
1694 3726 1910 3804 quibus
1925 3725 2068 3804 jura
2094 3725 2321 3784 civibus

984 3815 1182 3922 10:⁸1
1233 3829 1296 3898 εἳ
1374 3902 1411 4022 Q
