<?xml version="1.0" encoding="UTF-8"?>
<!DOCTYPE html PUBLIC "-//W3C//DTD XHTML 1.0 Transitional//EN"
    "http://www.w3.org/TR/xhtml1/DTD/xhtml1-transitional.dtd">
<html xmlns="http://www.w3.org/1999/xhtml" xml:lang="en" lang="en">
 <head>
  <title>
</title>
<meta http-equiv="Content-Type" content="text/html;charset=utf-8" />
  <meta name='ocr-system' content='tesseract 3.04.00' />
  <meta name='ocr-capabilities' content='ocr_page ocr_carea ocr_par ocr_line ocrx_word'/>
</head>
<body>
  <div class='ocr_page' id='page_1' title='image "./desenectutedeam02anthgoog_0076.png"; bbox 0 0 2525 4409; ppageno 0'>
   <div class='ocr_carea' id='block_1_1' title="bbox 417 349 1869 414">
    <p class='ocr_par' dir='ltr' id='par_1_1' title="bbox 417 349 1869 414">
     <span class='ocr_line' id='line_1_1' title="bbox 417 349 1869 414; baseline 0.015 -29"><span class='ocrx_word' id='word_1_1' title='bbox 417 349 499 406; x_wconf 71' lang='lat'><strong>52</strong></span> <span class='ocrx_word' id='word_1_2' title='bbox 893 383 908 390; x_wconf 47' lang='grc' dir='ltr'>ψ</span> <span class='ocrx_word' id='word_1_3' title='bbox 957 361 1026 403; x_wconf 81' lang='grc' dir='ltr'><strong>Μ.</strong></span> <span class='ocrx_word' id='word_1_4' title='bbox 1061 362 1120 402; x_wconf 74' lang='grc' dir='ltr'><strong>Τ.</strong></span> <span class='ocrx_word' id='word_1_5' title='bbox 1151 360 1480 402; x_wconf 75' lang='lat' dir='ltr'>CICERONIS</span> <span class='ocrx_word' id='word_1_6' title='bbox 1518 359 1781 414; x_wconf 70' lang='lat' dir='ltr'><strong>LAEu-Us,</strong></span> <span class='ocrx_word' id='word_1_7' title='bbox 1860 379 1869 388; x_wconf 67' lang='lat'><strong>⁴</strong></span> 
     </span>
    </p>
   </div>
   <div class='ocr_carea' id='block_1_2' title="bbox 415 492 2342 766">
    <p class='ocr_par' dir='ltr' id='par_1_2' title="bbox 415 492 2342 766">
     <span class='ocr_line' id='line_1_2' title="bbox 415 492 2342 574; baseline 0.001 -21"><span class='ocrx_word' id='word_1_8' title='bbox 415 507 646 554; x_wconf 88' lang='lat' dir='ltr'><strong>tantum</strong></span> <span class='ocrx_word' id='word_1_9' title='bbox 680 494 856 562; x_wconf 85' lang='lat' dir='ltr'><strong>valet,</strong></span> <span class='ocrx_word' id='word_1_10' title='bbox 885 505 951 551; x_wconf 87' lang='lat' dir='ltr'><strong>ut</strong></span> <span class='ocrx_word' id='word_1_11' title='bbox 983 493 1154 552; x_wconf 85' lang='lat' dir='ltr'><strong>tollat</strong></span> <span class='ocrx_word' id='word_1_12' title='bbox 1185 513 1220 550; x_wconf 88' lang='lat' dir='ltr'><strong>e</strong></span> <span class='ocrx_word' id='word_1_13' title='bbox 1255 492 1377 552; x_wconf 84' lang='lat' dir='ltr'><strong>vita</strong></span> <span class='ocrx_word' id='word_1_14' title='bbox 1412 493 1769 564; x_wconf 78' lang='lat' dir='ltr'><strong>amicitiam3</strong></span> <span class='ocrx_word' id='word_1_15' title='bbox 1812 513 1932 552; x_wconf 88' lang='lat' dir='ltr'><strong>non</strong></span> <span class='ocrx_word' id='word_1_16' title='bbox 1967 497 2125 573; x_wconf 80' lang='lat' dir='ltr'><strong>plus,</strong></span> <span class='ocrx_word' id='word_1_17' title='bbox 2154 515 2342 574; x_wconf 72' lang='lat' dir='ltr'><strong>quam</strong></span> 
     </span>
     <span class='ocr_line' id='line_1_3' title="bbox 417 589 2339 667; baseline 0.001 -18"><span class='ocrx_word' id='word_1_18' title='bbox 417 604 482 649; x_wconf 92' lang='lat' dir='ltr'><strong>ut</strong></span> <span class='ocrx_word' id='word_1_19' title='bbox 527 591 792 659; x_wconf 82' lang='lat' dir='ltr'><strong>virtutes,</strong></span> <span class='ocrx_word' id='word_1_20' title='bbox 831 589 974 667; x_wconf 88' lang='lat' dir='ltr'><strong>quia</strong></span> <span class='ocrx_word' id='word_1_21' title='bbox 1019 590 1333 648; x_wconf 86' lang='lat' dir='ltr'><strong>nonnullas</strong></span> <span class='ocrx_word' id='word_1_22' title='bbox 1382 609 1555 648; x_wconf 83' lang='lat' dir='ltr'><strong>curas</strong></span> <span class='ocrx_word' id='word_1_23' title='bbox 1604 602 1667 648; x_wconf 89' lang='lat' dir='ltr'><strong>et</strong></span> <span class='ocrx_word' id='word_1_24' title='bbox 1714 591 2015 650; x_wconf 76' lang='lat' dir='ltr'><strong>molestias</strong></span> <span class='ocrx_word' id='word_1_25' title='bbox 2066 593 2339 663; x_wconf 84' lang='lat' dir='ltr'><strong>afferunt,</strong></span> 
     </span>
     <span class='ocr_line' id='line_1_4' title="bbox 417 687 827 766; baseline 0 -20"><span class='ocrx_word' id='word_1_26' title='bbox 417 687 827 766; x_wconf 77' lang='lat' dir='ltr'><strong>repudientur.</strong></span> 
     </span>
    </p>
   </div>
   <div class='ocr_carea' id='block_1_3' title="bbox 419 878 2409 3828">
    <p class='ocr_par' dir='ltr' id='par_1_3' title="bbox 419 878 2409 3828">
     <span class='ocr_line' id='line_1_5' title="bbox 495 878 2339 958; baseline 0.002 -21"><span class='ocrx_word' id='word_1_27' title='bbox 495 878 675 938; x_wconf 89' lang='lat' dir='ltr'>XIV.</span> <span class='ocrx_word' id='word_1_28' title='bbox 718 879 874 938; x_wconf 86' lang='lat' dir='ltr'><strong>Cum</strong></span> <span class='ocrx_word' id='word_1_29' title='bbox 897 891 1097 938; x_wconf 85' lang='lat' dir='ltr'><strong>autem</strong></span> <span class='ocrx_word' id='word_1_30' title='bbox 1121 879 1431 938; x_wconf 85' lang='lat' dir='ltr'><strong>contrahat</strong></span> <span class='ocrx_word' id='word_1_31' title='bbox 1456 878 1792 950; x_wconf 81' lang='lat' dir='ltr'><strong>amicitiam,</strong></span> <span class='ocrx_word' id='word_1_32' title='bbox 1815 892 1883 938; x_wconf 88' lang='lat' dir='ltr'><strong>ut</strong></span> <span class='ocrx_word' id='word_1_33' title='bbox 1908 899 2091 958; x_wconf 80' lang='lat' dir='ltr'><strong>supra</strong></span> <span class='ocrx_word' id='word_1_34' title='bbox 2111 881 2262 951; x_wconf 84' lang='lat' dir='ltr'>dixi,</span> <span class='ocrx_word' id='word_1_35' title='bbox 2286 883 2339 944; x_wconf 81' lang='lat' dir='ltr'><strong>si</strong></span> 
     </span>
     <span class='ocr_line' id='line_1_6' title="bbox 421 974 2339 1053; baseline 0.003 -21"><span class='ocrx_word' id='word_1_36' title='bbox 421 995 539 1052; x_wconf 88' lang='lat' dir='ltr'><strong>qua</strong></span> <span class='ocrx_word' id='word_1_37' title='bbox 565 974 916 1052; x_wconf 82' lang='lat' dir='ltr'><strong>significatio</strong></span> <span class='ocrx_word' id='word_1_38' title='bbox 937 975 1170 1034; x_wconf 88' lang='lat' dir='ltr'><strong>virtutis</strong></span> <span class='ocrx_word' id='word_1_39' title='bbox 1197 977 1453 1046; x_wconf 83' lang='lat' dir='ltr'><strong>eluceat,</strong></span> <span class='ocrx_word' id='word_1_40' title='bbox 1476 974 1553 1034; x_wconf 79' lang='lat' dir='ltr'><strong>ad</strong></span> <span class='ocrx_word' id='word_1_41' title='bbox 1574 995 1759 1053; x_wconf 81' lang='lat' dir='ltr'><strong>quam</strong></span> <span class='ocrx_word' id='word_1_42' title='bbox 1778 995 1843 1034; x_wconf 89' lang='lat' dir='ltr'><strong>se</strong></span> <span class='ocrx_word' id='word_1_43' title='bbox 1864 975 2073 1034; x_wconf 86' lang='lat' dir='ltr'><strong>similis</strong></span> <span class='ocrx_word' id='word_1_44' title='bbox 2102 977 2339 1038; x_wconf 81' lang='lat' dir='ltr'><strong>animus</strong></span> 
     </span>
     <span class='ocr_line' id='line_1_7' title="bbox 422 1069 2340 1150; baseline 0.001 -20"><span class='ocrx_word' id='word_1_45' title='bbox 422 1071 680 1150; x_wconf 82' lang='lat' dir='ltr'><strong>applicet</strong></span> <span class='ocrx_word' id='word_1_46' title='bbox 720 1083 782 1128; x_wconf 87' lang='lat' dir='ltr'><strong>et</strong></span> <span class='ocrx_word' id='word_1_47' title='bbox 823 1071 1126 1150; x_wconf 79' lang='lat' dir='ltr'><strong>adjungat,</strong></span> <span class='ocrx_word' id='word_1_48' title='bbox 1187 1069 1250 1128; x_wconf 88' lang='lat' dir='ltr'><strong>id</strong></span> <span class='ocrx_word' id='word_1_49' title='bbox 1305 1088 1443 1130; x_wconf 82' lang='lat' dir='ltr'><strong>cum</strong></span> <span class='ocrx_word' id='word_1_50' title='bbox 1484 1071 1789 1149; x_wconf 84' lang='lat' dir='ltr'><strong>contingit,</strong></span> <span class='ocrx_word' id='word_1_51' title='bbox 1826 1091 1993 1130; x_wconf 84' lang='lat' dir='ltr'><strong>amor</strong></span> <span class='ocrx_word' id='word_1_52' title='bbox 2032 1073 2340 1132; x_wconf 76' lang='lat' dir='ltr'><strong>exoriatur</strong></span> 
     </span>
     <span class='ocr_line' id='line_1_8' title="bbox 419 1166 2339 1244; baseline 0.002 -20"><span class='ocrx_word' id='word_1_53' title='bbox 419 1187 666 1225; x_wconf 88' lang='lat' dir='ltr'><strong>necesse</strong></span> <span class='ocrx_word' id='word_1_54' title='bbox 697 1179 804 1226; x_wconf 87' lang='lat' dir='ltr'><strong>est.</strong></span> <span class='ocrx_word' id='word_1_55' title='bbox 887 1172 983 1226; x_wconf 85' lang='lat'><strong>49.</strong></span> <span class='ocrx_word' id='word_1_56' title='bbox 1019 1166 1188 1239; x_wconf 83' lang='lat' dir='ltr'><strong>Quid</strong></span> <span class='ocrx_word' id='word_1_57' title='bbox 1219 1167 1381 1226; x_wconf 86' lang='lat' dir='ltr'><strong>enim</strong></span> <span class='ocrx_word' id='word_1_58' title='bbox 1408 1179 1527 1226; x_wconf 86' lang='lat' dir='ltr'><strong>tam</strong></span> <span class='ocrx_word' id='word_1_59' title='bbox 1557 1167 1903 1238; x_wconf 86' lang='lat' dir='ltr'><strong>absurdum,</strong></span> <span class='ocrx_word' id='word_1_60' title='bbox 1932 1188 2112 1244; x_wconf 83' lang='lat' dir='ltr'><strong>quam</strong></span> <span class='ocrx_word' id='word_1_61' title='bbox 2140 1168 2339 1228; x_wconf 86' lang='lat' dir='ltr'><strong>delec-</strong></span> 
     </span>
     <span class='ocr_line' id='line_1_9' title="bbox 421 1262 2339 1341; baseline 0.001 -21"><span class='ocrx_word' id='word_1_62' title='bbox 421 1263 532 1322; x_wconf 88' lang='lat' dir='ltr'><strong>tari</strong></span> <span class='ocrx_word' id='word_1_63' title='bbox 554 1263 752 1321; x_wconf 91' lang='lat' dir='ltr'><strong>multis</strong></span> <span class='ocrx_word' id='word_1_64' title='bbox 774 1263 1052 1322; x_wconf 87' lang='lat' dir='ltr'><strong>inanibus</strong></span> <span class='ocrx_word' id='word_1_65' title='bbox 1079 1263 1279 1332; x_wconf 88' lang='lat' dir='ltr'><strong>rebus,</strong></span> <span class='ocrx_word' id='word_1_66' title='bbox 1302 1275 1369 1321; x_wconf 92' lang='lat' dir='ltr'><strong>ut</strong></span> <span class='ocrx_word' id='word_1_67' title='bbox 1389 1263 1630 1333; x_wconf 86' lang='lat' dir='ltr'><strong>honore,</strong></span> <span class='ocrx_word' id='word_1_68' title='bbox 1650 1275 1719 1320; x_wconf 87' lang='lat' dir='ltr'><strong>ut</strong></span> <span class='ocrx_word' id='word_1_69' title='bbox 1746 1263 1951 1340; x_wconf 80' lang='lat' dir='ltr'><strong>gloria,</strong></span> <span class='ocrx_word' id='word_1_70' title='bbox 1975 1276 2041 1322; x_wconf 85' lang='lat' dir='ltr'><strong>ut</strong></span> <span class='ocrx_word' id='word_1_71' title='bbox 2060 1262 2339 1341; x_wconf 80' lang='lat' dir='ltr'><strong>aedificiO,</strong></span> 
     </span>
     <span class='ocr_line' id='line_1_10' title="bbox 421 1358 2341 1438; baseline 0.001 -22"><span class='ocrx_word' id='word_1_72' title='bbox 421 1371 487 1416; x_wconf 88' lang='lat' dir='ltr'><strong>ut</strong></span> <span class='ocrx_word' id='word_1_73' title='bbox 501 1359 712 1417; x_wconf 84' lang='lat' dir='ltr'><strong>vestitu</strong></span> <span class='ocrx_word' id='word_1_74' title='bbox 735 1360 1019 1436; x_wconf 88' lang='lat' dir='ltr'><strong>cultuque</strong></span> <span class='ocrx_word' id='word_1_75' title='bbox 1045 1358 1341 1438; x_wconf 86' lang='lat' dir='ltr'><strong>corporis;</strong></span> <span class='ocrx_word' id='word_1_76' title='bbox 1378 1358 1579 1416; x_wconf 84' lang='lat' dir='ltr'><strong>animo</strong></span> <span class='ocrx_word' id='word_1_77' title='bbox 1600 1370 1799 1416; x_wconf 89' lang='lat' dir='ltr'><strong>autem</strong></span> <span class='ocrx_word' id='word_1_78' title='bbox 1822 1358 2040 1418; x_wconf 82' lang='lat' dir='ltr'><strong>virtute</strong></span> <span class='ocrx_word' id='word_1_79' title='bbox 2060 1358 2341 1436; x_wconf 84' lang='lat' dir='ltr'><strong>praedit0‚</strong></span> 
     </span>
     <span class='ocr_line' id='line_1_11' title="bbox 422 1452 2339 1532; baseline 0 -20"><span class='ocrx_word' id='word_1_80' title='bbox 422 1473 512 1522; x_wconf 89' lang='lat' dir='ltr'><strong>e0,</strong></span> <span class='ocrx_word' id='word_1_81' title='bbox 543 1455 644 1532; x_wconf 90' lang='lat' dir='ltr'><strong>qui</strong></span> <span class='ocrx_word' id='word_1_82' title='bbox 674 1456 772 1514; x_wconf 82' lang='lat' dir='ltr'><strong>vel</strong></span> <span class='ocrx_word' id='word_1_83' title='bbox 801 1474 1020 1524; x_wconf 87' lang='lat' dir='ltr'><strong>amare,</strong></span> <span class='ocrx_word' id='word_1_84' title='bbox 1049 1456 1163 1524; x_wconf 87' lang='lat' dir='ltr'><strong>vel,</strong></span> <span class='ocrx_word' id='word_1_85' title='bbox 1191 1466 1259 1512; x_wconf 86' lang='lat' dir='ltr'><strong>ut</strong></span> <span class='ocrx_word' id='word_1_86' title='bbox 1285 1454 1369 1512; x_wconf 83' lang='lat' dir='ltr'><strong>ita</strong></span> <span class='ocrx_word' id='word_1_87' title='bbox 1398 1453 1613 1524; x_wconf 86' lang='lat' dir='ltr'><strong>dicam,</strong></span> <span class='ocrx_word' id='word_1_88' title='bbox 1638 1452 1953 1512; x_wconf 82' lang='lat' dir='ltr'><strong>redamare</strong></span> <span class='ocrx_word' id='word_1_89' title='bbox 1980 1455 2185 1532; x_wconf 80' lang='lat' dir='ltr'><strong>possit,</strong></span> <span class='ocrx_word' id='word_1_90' title='bbox 2216 1475 2339 1514; x_wconf 88' lang='lat' dir='ltr'><strong>non</strong></span> 
     </span>
     <span class='ocr_line' id='line_1_12' title="bbox 423 1549 2339 1626; baseline -0.001 -16"><span class='ocrx_word' id='word_1_91' title='bbox 423 1551 748 1626; x_wconf 75' lang='lat' dir='ltr'><strong>admodum</strong></span> <span class='ocrx_word' id='word_1_92' title='bbox 771 1550 1094 1610; x_wconf 75' lang='lat' dir='ltr'><strong>delectari&#39;l</strong></span> <span class='ocrx_word' id='word_1_93' title='bbox 1164 1549 1336 1608; x_wconf 87' lang='lat' dir='ltr'><strong>Nihil</strong></span> <span class='ocrx_word' id='word_1_94' title='bbox 1358 1561 1451 1608; x_wconf 86' lang='lat' dir='ltr'><strong>est</strong></span> <span class='ocrx_word' id='word_1_95' title='bbox 1472 1549 1633 1608; x_wconf 88' lang='lat' dir='ltr'><strong>enim</strong></span> <span class='ocrx_word' id='word_1_96' title='bbox 1653 1549 2135 1611; x_wconf 79' lang='lat' dir='ltr'><strong>remuneratione</strong></span> <span class='ocrx_word' id='word_1_97' title='bbox 2156 1551 2339 1610; x_wconf 88' lang='lat' dir='ltr'><strong>bene-</strong></span> 
     </span>
     <span class='ocr_line' id='line_1_13' title="bbox 421 1643 2341 1724; baseline 0.002 -22"><span class='ocrx_word' id='word_1_98' title='bbox 421 1647 718 1715; x_wconf 84' lang='lat' dir='ltr'><strong>volentiae,</strong></span> <span class='ocrx_word' id='word_1_99' title='bbox 753 1646 903 1704; x_wconf 91' lang='lat' dir='ltr'><strong>nihil</strong></span> <span class='ocrx_word' id='word_1_100' title='bbox 933 1643 1339 1704; x_wconf 78' lang='lat' dir='ltr'><strong>vicissitudine</strong></span> <span class='ocrx_word' id='word_1_101' title='bbox 1380 1643 1718 1704; x_wconf 86' lang='lat' dir='ltr'><strong>studiorum</strong></span> <span class='ocrx_word' id='word_1_102' title='bbox 1760 1645 2209 1722; x_wconf 87' lang='lat' dir='ltr'><strong>officiorumque</strong></span> <span class='ocrx_word' id='word_1_103' title='bbox 2239 1647 2341 1724; x_wconf 90' lang='lat' dir='ltr'><strong>ju·</strong></span> 
     </span>
     <span class='ocr_line' id='line_1_14' title="bbox 424 1739 2342 1819; baseline 0.002 -21"><span class='ocrx_word' id='word_1_104' title='bbox 424 1741 696 1800; x_wconf 87' lang='lat' dir='ltr'><strong>cundius.</strong></span> <span class='ocrx_word' id='word_1_105' title='bbox 792 1745 888 1800; x_wconf 85' lang='lat'><strong>50.</strong></span> <span class='ocrx_word' id='word_1_106' title='bbox 931 1739 1119 1812; x_wconf 79' lang='lat' dir='ltr'><strong>Quod</strong></span> <span class='ocrx_word' id='word_1_107' title='bbox 1158 1741 1208 1799; x_wconf 88' lang='lat' dir='ltr'><strong>si</strong></span> <span class='ocrx_word' id='word_1_108' title='bbox 1249 1741 1429 1800; x_wconf 86' lang='lat' dir='ltr'><strong>etiam</strong></span> <span class='ocrx_word' id='word_1_109' title='bbox 1461 1739 1614 1800; x_wconf 88' lang='lat' dir='ltr'><strong>illud</strong></span> <span class='ocrx_word' id='word_1_110' title='bbox 1648 1740 1943 1811; x_wconf 82' lang='lat' dir='ltr'><strong>addimus,</strong></span> <span class='ocrx_word' id='word_1_111' title='bbox 1978 1742 2139 1819; x_wconf 88' lang='lat' dir='ltr'><strong>quod</strong></span> <span class='ocrx_word' id='word_1_112' title='bbox 2170 1755 2342 1804; x_wconf 82' lang='lat' dir='ltr'><strong>recte</strong></span> 
     </span>
     <span class='ocr_line' id='line_1_15' title="bbox 426 1835 2340 1914; baseline 0.002 -21"><span class='ocrx_word' id='word_1_113' title='bbox 426 1835 571 1893; x_wconf 85' lang='lat' dir='ltr'><strong>addi</strong></span> <span class='ocrx_word' id='word_1_114' title='bbox 599 1847 814 1913; x_wconf 84' lang='lat' dir='ltr'><strong>potest,</strong></span> <span class='ocrx_word' id='word_1_115' title='bbox 835 1835 983 1893; x_wconf 89' lang='lat' dir='ltr'><strong>nihil</strong></span> <span class='ocrx_word' id='word_1_116' title='bbox 1012 1856 1162 1907; x_wconf 88' lang='lat' dir='ltr'><strong>esse,</strong></span> <span class='ocrx_word' id='word_1_117' title='bbox 1185 1836 1350 1914; x_wconf 92' lang='lat' dir='ltr'><strong>quod</strong></span> <span class='ocrx_word' id='word_1_118' title='bbox 1378 1836 1454 1897; x_wconf 83' lang='lat' dir='ltr'><strong>ad</strong></span> <span class='ocrx_word' id='word_1_119' title='bbox 1480 1857 1547 1896; x_wconf 88' lang='lat' dir='ltr'><strong>se</strong></span> <span class='ocrx_word' id='word_1_120' title='bbox 1575 1857 1707 1896; x_wconf 89' lang='lat' dir='ltr'><strong>rem</strong></span> <span class='ocrx_word' id='word_1_121' title='bbox 1737 1838 1920 1896; x_wconf 86' lang='lat' dir='ltr'><strong>ullam</strong></span> <span class='ocrx_word' id='word_1_122' title='bbox 1947 1849 2068 1898; x_wconf 83' lang='lat' dir='ltr'><strong>tam</strong></span> <span class='ocrx_word' id='word_1_123' title='bbox 2100 1837 2340 1907; x_wconf 83' lang='lat' dir='ltr'><strong>alliciat,</strong></span> 
     </span>
     <span class='ocr_line' id='line_1_16' title="bbox 425 1931 2345 2008; baseline 0.003 -20"><span class='ocrx_word' id='word_1_124' title='bbox 425 1941 488 1988; x_wconf 85' lang='lat' dir='ltr'><strong>et</strong></span> <span class='ocrx_word' id='word_1_125' title='bbox 509 1942 630 1988; x_wconf 84' lang='lat' dir='ltr'><strong>tam</strong></span> <span class='ocrx_word' id='word_1_126' title='bbox 653 1931 918 2002; x_wconf 85' lang='lat' dir='ltr'><strong>attrahat,</strong></span> <span class='ocrx_word' id='word_1_127' title='bbox 937 1951 1116 2008; x_wconf 87' lang='lat' dir='ltr'><strong>quam</strong></span> <span class='ocrx_word' id='word_1_128' title='bbox 1139 1931 1214 1990; x_wconf 87' lang='lat' dir='ltr'><strong>ad</strong></span> <span class='ocrx_word' id='word_1_129' title='bbox 1235 1931 1557 1994; x_wconf 82' lang='lat' dir='ltr'><strong>amicitiam</strong></span> <span class='ocrx_word' id='word_1_130' title='bbox 1585 1931 1941 1994; x_wconf 76' lang='lat' dir='ltr'><strong>similitudo:</strong></span> <span class='ocrx_word' id='word_1_131' title='bbox 1978 1933 2345 1992; x_wconf 81' lang='lat' dir='ltr'><strong>concedetur</strong></span> 
     </span>
     <span class='ocr_line' id='line_1_17' title="bbox 423 2025 2345 2106; baseline 0.003 -23"><span class='ocrx_word' id='word_1_132' title='bbox 423 2025 697 2104; x_wconf 85' lang='lat' dir='ltr'><strong>profecto</strong></span> <span class='ocrx_word' id='word_1_133' title='bbox 719 2046 926 2086; x_wconf 86' lang='lat' dir='ltr'><strong>verum</strong></span> <span class='ocrx_word' id='word_1_134' title='bbox 955 2047 1107 2097; x_wconf 87' lang='lat' dir='ltr'><strong>esse,</strong></span> <span class='ocrx_word' id='word_1_135' title='bbox 1129 2039 1196 2085; x_wconf 86' lang='lat' dir='ltr'><strong>ut</strong></span> <span class='ocrx_word' id='word_1_136' title='bbox 1214 2028 1404 2086; x_wconf 88' lang='lat' dir='ltr'><strong>bonos</strong></span> <span class='ocrx_word' id='word_1_137' title='bbox 1425 2027 1567 2103; x_wconf 81' lang='lat' dir='ltr'><strong>boni</strong></span> <span class='ocrx_word' id='word_1_138' title='bbox 1590 2027 1861 2106; x_wconf 82' lang='lat' dir='ltr'><strong>diligant,</strong></span> <span class='ocrx_word' id='word_1_139' title='bbox 1886 2028 2345 2106; x_wconf 86' lang='lat' dir='ltr'><strong>adsciscantque</strong></span> 
     </span>
     <span class='ocr_line' id='line_1_18' title="bbox 426 2122 2344 2202; baseline 0.001 -20"><span class='ocrx_word' id='word_1_140' title='bbox 426 2122 540 2182; x_wconf 85' lang='lat' dir='ltr'><strong>sibi</strong></span> <span class='ocrx_word' id='word_1_141' title='bbox 574 2123 744 2201; x_wconf 87' lang='lat' dir='ltr'><strong>quasi</strong></span> <span class='ocrx_word' id='word_1_142' title='bbox 777 2123 1218 2202; x_wconf 85' lang='lat' dir='ltr'><strong>propinquitate</strong></span> <span class='ocrx_word' id='word_1_143' title='bbox 1251 2124 1599 2202; x_wconf 87' lang='lat' dir='ltr'><strong>conjunctos</strong></span> <span class='ocrx_word' id='word_1_144' title='bbox 1640 2137 1821 2201; x_wconf 89' lang='lat' dir='ltr'><strong>atque</strong></span> <span class='ocrx_word' id='word_1_145' title='bbox 1854 2137 2085 2182; x_wconf 80' lang='lat' dir='ltr'><strong>natura.</strong></span> <span class='ocrx_word' id='word_1_146' title='bbox 2170 2123 2344 2185; x_wconf 85' lang='lat' dir='ltr'><strong>Nihil</strong></span> 
     </span>
     <span class='ocr_line' id='line_1_19' title="bbox 424 2218 2343 2298; baseline 0.001 -20"><span class='ocrx_word' id='word_1_147' title='bbox 424 2231 516 2278; x_wconf 87' lang='lat' dir='ltr'><strong>est</strong></span> <span class='ocrx_word' id='word_1_148' title='bbox 556 2220 716 2278; x_wconf 90' lang='lat' dir='ltr'><strong>enim</strong></span> <span class='ocrx_word' id='word_1_149' title='bbox 757 2219 1132 2298; x_wconf 88' lang='lat' dir='ltr'><strong>appetentius</strong></span> <span class='ocrx_word' id='word_1_150' title='bbox 1175 2219 1461 2278; x_wconf 87' lang='lat' dir='ltr'><strong>similium</strong></span> <span class='ocrx_word' id='word_1_151' title='bbox 1502 2218 1615 2288; x_wconf 88' lang='lat' dir='ltr'><strong>sui,</strong></span> <span class='ocrx_word' id='word_1_152' title='bbox 1648 2219 1797 2278; x_wconf 87' lang='lat' dir='ltr'><strong>nihil</strong></span> <span class='ocrx_word' id='word_1_153' title='bbox 1830 2219 2125 2298; x_wconf 80' lang='lat' dir='ltr'><strong>rapacius,</strong></span> <span class='ocrx_word' id='word_1_154' title='bbox 2160 2235 2343 2297; x_wconf 76' lang='lat' dir='ltr'><strong>quam</strong></span> 
     </span>
     <span class='ocr_line' id='line_1_20' title="bbox 423 2313 2343 2391; baseline 0.001 -19"><span class='ocrx_word' id='word_1_155' title='bbox 423 2328 656 2374; x_wconf 72' lang='lat' dir='ltr'><strong>natura.</strong></span> <span class='ocrx_word' id='word_1_156' title='bbox 738 2314 1149 2386; x_wconf 82' lang='lat' dir='ltr'><strong>Quamobrem</strong></span> <span class='ocrx_word' id='word_1_157' title='bbox 1169 2315 1283 2372; x_wconf 89' lang='lat' dir='ltr'><strong>hoc</strong></span> <span class='ocrx_word' id='word_1_158' title='bbox 1304 2313 1564 2391; x_wconf 86' lang='lat' dir='ltr'><strong>quidem,</strong></span> <span class='ocrx_word' id='word_1_159' title='bbox 1584 2313 1780 2374; x_wconf 86' lang='lat' dir='ltr'><strong>Fanni</strong></span> <span class='ocrx_word' id='word_1_160' title='bbox 1802 2327 1863 2372; x_wconf 89' lang='lat' dir='ltr'><strong>et</strong></span> <span class='ocrx_word' id='word_1_161' title='bbox 1890 2315 2179 2384; x_wconf 82' lang='lat' dir='ltr'><strong>Scaevola,</strong></span> <span class='ocrx_word' id='word_1_162' title='bbox 2204 2336 2343 2381; x_wconf 57' lang='lat' dir='ltr'><strong>conf</strong></span> 
     </span>
     <span class='ocr_line' id='line_1_21' title="bbox 425 2408 2344 2487; baseline 0 -19"><span class='ocrx_word' id='word_1_163' title='bbox 425 2421 557 2479; x_wconf 88' lang='lat' dir='ltr'><strong>stat,</strong></span> <span class='ocrx_word' id='word_1_164' title='bbox 587 2421 653 2466; x_wconf 89' lang='lat' dir='ltr'><strong>ut</strong></span> <span class='ocrx_word' id='word_1_165' title='bbox 685 2409 916 2487; x_wconf 88' lang='lat' dir='ltr'><strong>opinor,</strong></span> <span class='ocrx_word' id='word_1_166' title='bbox 944 2410 1114 2468; x_wconf 90' lang='lat' dir='ltr'><strong>bonis</strong></span> <span class='ocrx_word' id='word_1_167' title='bbox 1141 2410 1297 2468; x_wconf 82' lang='lat' dir='ltr'><strong>inter</strong></span> <span class='ocrx_word' id='word_1_168' title='bbox 1322 2409 1509 2468; x_wconf 89' lang='lat' dir='ltr'><strong>bonos</strong></span> <span class='ocrx_word' id='word_1_169' title='bbox 1536 2408 1707 2486; x_wconf 83' lang='lat' dir='ltr'><strong>quasi</strong></span> <span class='ocrx_word' id='word_1_170' title='bbox 1734 2409 2132 2470; x_wconf 80' lang='lat' dir='ltr'><strong>necessariam</strong></span> <span class='ocrx_word' id='word_1_171' title='bbox 2160 2411 2344 2469; x_wconf 87' lang='lat' dir='ltr'><strong>bene-</strong></span> 
     </span>
     <span class='ocr_line' id='line_1_22' title="bbox 424 2501 2342 2577; baseline 0.003 -18"><span class='ocrx_word' id='word_1_172' title='bbox 424 2501 774 2570; x_wconf 85' lang='lat' dir='ltr'><strong>volentiam3</strong></span> <span class='ocrx_word' id='word_1_173' title='bbox 811 2501 912 2577; x_wconf 88' lang='lat' dir='ltr'><strong>qui</strong></span> <span class='ocrx_word' id='word_1_174' title='bbox 933 2513 1024 2560; x_wconf 85' lang='lat' dir='ltr'><strong>est</strong></span> <span class='ocrx_word' id='word_1_175' title='bbox 1043 2502 1321 2562; x_wconf 85' lang='lat' dir='ltr'><strong>amicitiae</strong></span> <span class='ocrx_word' id='word_1_176' title='bbox 1342 2501 1471 2560; x_wconf 86' lang='lat' dir='ltr'><strong>fons</strong></span> <span class='ocrx_word' id='word_1_177' title='bbox 1494 2524 1529 2562; x_wconf 85' lang='lat' dir='ltr'><strong>a</strong></span> <span class='ocrx_word' id='word_1_178' title='bbox 1548 2516 1760 2562; x_wconf 84' lang='lat' dir='ltr'><strong>natura</strong></span> <span class='ocrx_word' id='word_1_179' title='bbox 1782 2504 2151 2562; x_wconf 88' lang='lat' dir='ltr'><strong>constitutus.</strong></span> <span class='ocrx_word' id='word_1_180' title='bbox 2214 2505 2342 2566; x_wconf 86' lang='lat' dir='ltr'><strong>Sed</strong></span> 
     </span>
     <span class='ocr_line' id='line_1_23' title="bbox 427 2595 2347 2678; baseline 0.003 -24"><span class='ocrx_word' id='word_1_181' title='bbox 427 2595 640 2654; x_wconf 84' lang='lat' dir='ltr'><strong>eadem</strong></span> <span class='ocrx_word' id='word_1_182' title='bbox 667 2595 902 2654; x_wconf 84' lang='lat' dir='ltr'><strong>bonitas</strong></span> <span class='ocrx_word' id='word_1_183' title='bbox 937 2597 1112 2656; x_wconf 88' lang='lat' dir='ltr'><strong>etiam</strong></span> <span class='ocrx_word' id='word_1_184' title='bbox 1149 2597 1224 2657; x_wconf 88' lang='lat' dir='ltr'><strong>ad</strong></span> <span class='ocrx_word' id='word_1_185' title='bbox 1253 2597 1693 2656; x_wconf 86' lang='lat' dir='ltr'><strong>multitudinem</strong></span> <span class='ocrx_word' id='word_1_186' title='bbox 1721 2599 1997 2678; x_wconf 87' lang='lat' dir='ltr'><strong>pertinet.</strong></span> <span class='ocrx_word' id='word_1_187' title='bbox 2080 2599 2223 2658; x_wconf 87' lang='lat' dir='ltr'><strong>Non</strong></span> <span class='ocrx_word' id='word_1_188' title='bbox 2252 2613 2347 2660; x_wconf 85' lang='lat' dir='ltr'><strong>est</strong></span> 
     </span>
     <span class='ocr_line' id='line_1_24' title="bbox 426 2691 2343 2774; baseline 0.005 -26"><span class='ocrx_word' id='word_1_189' title='bbox 426 2691 589 2749; x_wconf 84' lang='lat' dir='ltr'><strong>enim</strong></span> <span class='ocrx_word' id='word_1_190' title='bbox 629 2691 950 2753; x_wconf 85' lang='lat' dir='ltr'><strong>inhumana</strong></span> <span class='ocrx_word' id='word_1_191' title='bbox 989 2693 1191 2764; x_wconf 85' lang='lat' dir='ltr'><strong>virtus,</strong></span> <span class='ocrx_word' id='word_1_192' title='bbox 1225 2713 1425 2771; x_wconf 87' lang='lat' dir='ltr'><strong>neque</strong></span> <span class='ocrx_word' id='word_1_193' title='bbox 1467 2693 1763 2762; x_wconf 86' lang='lat' dir='ltr'><strong>immunis,</strong></span> <span class='ocrx_word' id='word_1_194' title='bbox 1798 2713 1993 2772; x_wconf 87' lang='lat' dir='ltr'><strong>neque</strong></span> <span class='ocrx_word' id='word_1_195' title='bbox 2042 2697 2343 2774; x_wconf 80' lang='lat' dir='ltr'><strong>superba3</strong></span> 
     </span>
     <span class='ocr_line' id='line_1_25' title="bbox 429 2787 2347 2870; baseline 0.002 -24"><span class='ocrx_word' id='word_1_196' title='bbox 429 2808 562 2866; x_wconf 86' lang='lat' dir='ltr'><strong>quae</strong></span> <span class='ocrx_word' id='word_1_197' title='bbox 606 2787 786 2846; x_wconf 89' lang='lat' dir='ltr'><strong>etiam</strong></span> <span class='ocrx_word' id='word_1_198' title='bbox 825 2789 1082 2868; x_wconf 85' lang='lat' dir='ltr'><strong>populos</strong></span> <span class='ocrx_word' id='word_1_199' title='bbox 1123 2789 1435 2850; x_wconf 87' lang='lat' dir='ltr'><strong>universos</strong></span> <span class='ocrx_word' id='word_1_200' title='bbox 1478 2791 1651 2860; x_wconf 87' lang='lat' dir='ltr'><strong>tueri,</strong></span> <span class='ocrx_word' id='word_1_201' title='bbox 1681 2791 1891 2868; x_wconf 88' lang='lat' dir='ltr'><strong>eisque</strong></span> <span class='ocrx_word' id='word_1_202' title='bbox 1932 2792 2157 2870; x_wconf 86' lang='lat' dir='ltr'><strong>optime</strong></span> <span class='ocrx_word' id='word_1_203' title='bbox 2200 2813 2347 2853; x_wconf 80' lang='lat' dir='ltr'><strong>con-</strong></span> 
     </span>
     <span class='ocr_line' id='line_1_26' title="bbox 425 2883 2349 2968; baseline 0.002 -25"><span class='ocrx_word' id='word_1_204' title='bbox 425 2885 626 2943; x_wconf 85' lang='lat' dir='ltr'><strong>sulere</strong></span> <span class='ocrx_word' id='word_1_205' title='bbox 655 2885 876 2944; x_wconf 85' lang='lat' dir='ltr'><strong>soleat:</strong></span> <span class='ocrx_word' id='word_1_206' title='bbox 913 2883 1070 2962; x_wconf 90' lang='lat' dir='ltr'><strong>quod</strong></span> <span class='ocrx_word' id='word_1_207' title='bbox 1093 2905 1210 2944; x_wconf 89' lang='lat' dir='ltr'><strong>non</strong></span> <span class='ocrx_word' id='word_1_208' title='bbox 1228 2885 1454 2944; x_wconf 83' lang='lat' dir='ltr'><strong>faceret</strong></span> <span class='ocrx_word' id='word_1_209' title='bbox 1471 2885 1759 2964; x_wconf 81' lang='lat' dir='ltr'><strong>profecte,</strong></span> <span class='ocrx_word' id='word_1_210' title='bbox 1783 2888 1835 2946; x_wconf 87' lang='lat' dir='ltr'><strong>si</strong></span> <span class='ocrx_word' id='word_1_211' title='bbox 1854 2907 1890 2948; x_wconf 85' lang='lat' dir='ltr'><strong>a</strong></span> <span class='ocrx_word' id='word_1_212' title='bbox 1910 2887 2153 2946; x_wconf 82' lang='lat' dir='ltr'><strong>caritate</strong></span> <span class='ocrx_word' id='word_1_213' title='bbox 2175 2890 2349 2968; x_wconf 83' lang='lat' dir='ltr'><strong>vulgi</strong></span> 
     </span>
     <span class='ocr_line' id='line_1_27' title="bbox 425 2981 2349 3061; baseline 0.004 -22"><span class='ocrx_word' id='word_1_214' title='bbox 425 2981 788 3040; x_wconf 86' lang='lat' dir='ltr'><strong>abhorreret.</strong></span> <span class='ocrx_word' id='word_1_215' title='bbox 870 2985 965 3040; x_wconf 90' lang='grc'><strong>51.</strong></span> <span class='ocrx_word' id='word_1_216' title='bbox 998 2983 1202 3058; x_wconf 86' lang='lat' dir='ltr'><strong>Atque</strong></span> <span class='ocrx_word' id='word_1_217' title='bbox 1236 2982 1419 3040; x_wconf 87' lang='lat' dir='ltr'><strong>etiam</strong></span> <span class='ocrx_word' id='word_1_218' title='bbox 1456 2981 1601 3040; x_wconf 89' lang='lat' dir='ltr'><strong>mihi</strong></span> <span class='ocrx_word' id='word_1_219' title='bbox 1630 2982 1875 3059; x_wconf 89' lang='lat' dir='ltr'><strong>quidem</strong></span> <span class='ocrx_word' id='word_1_220' title='bbox 1910 2983 2205 3052; x_wconf 85' lang='lat' dir='ltr'><strong>videntur,</strong></span> <span class='ocrx_word' id='word_1_221' title='bbox 2238 2985 2349 3061; x_wconf 89' lang='lat' dir='ltr'><strong>qui</strong></span> 
     </span>
     <span class='ocr_line' id='line_1_28' title="bbox 423 3077 2349 3156; baseline 0.001 -18"><span class='ocrx_word' id='word_1_222' title='bbox 423 3077 690 3138; x_wconf 83' lang='lat' dir='ltr'><strong>utilitatis</strong></span> <span class='ocrx_word' id='word_1_223' title='bbox 739 3097 917 3138; x_wconf 86' lang='lat' dir='ltr'><strong>causa</strong></span> <span class='ocrx_word' id='word_1_224' title='bbox 950 3077 1182 3156; x_wconf 82' lang='lat' dir='ltr'><strong>fingunt</strong></span> <span class='ocrx_word' id='word_1_225' title='bbox 1229 3077 1535 3149; x_wconf 87' lang='lat' dir='ltr'><strong>amicitias,</strong></span> <span class='ocrx_word' id='word_1_226' title='bbox 1574 3078 2067 3140; x_wconf 87' lang='lat' dir='ltr'><strong>amabilissimum</strong></span> <span class='ocrx_word' id='word_1_227' title='bbox 2112 3079 2349 3139; x_wconf 79' lang='lat' dir='ltr'><strong>nodum</strong></span> 
     </span>
     <span class='ocr_line' id='line_1_29' title="bbox 423 3173 2409 3254; baseline 0.001 -22"><span class='ocrx_word' id='word_1_228' title='bbox 423 3174 698 3232; x_wconf 84' lang='lat' dir='ltr'><strong>amicitiae</strong></span> <span class='ocrx_word' id='word_1_229' title='bbox 733 3176 966 3234; x_wconf 87' lang='lat' dir='ltr'><strong>tollere.</strong></span> <span class='ocrx_word' id='word_1_230' title='bbox 1049 3174 1190 3234; x_wconf 91' lang='lat' dir='ltr'><strong>Non</strong></span> <span class='ocrx_word' id='word_1_231' title='bbox 1227 3173 1391 3232; x_wconf 83' lang='lat' dir='ltr'><strong>enim</strong></span> <span class='ocrx_word' id='word_1_232' title='bbox 1424 3185 1545 3232; x_wconf 86' lang='lat' dir='ltr'><strong>tam</strong></span> <span class='ocrx_word' id='word_1_233' title='bbox 1580 3173 1801 3234; x_wconf 88' lang='lat' dir='ltr'><strong>utilitas</strong></span> <span class='ocrx_word' id='word_1_234' title='bbox 1840 3187 2011 3254; x_wconf 84' lang='lat' dir='ltr'><strong>parta</strong></span> <span class='ocrx_word' id='word_1_235' title='bbox 2044 3195 2157 3254; x_wconf 86' lang='lat' dir='ltr'><strong>per</strong></span> <span class='ocrx_word' id='word_1_236' title='bbox 2198 3177 2349 3234; x_wconf 82' lang='lat' dir='ltr'><strong>ami·-</strong></span> <span class='ocrx_word' id='word_1_237' title='bbox 2400 3205 2409 3215; x_wconf 91' lang='lat'><strong>·</strong></span> 
     </span>
     <span class='ocr_line' id='line_1_30' title="bbox 424 3269 2349 3350; baseline 0 -22"><span class='ocrx_word' id='word_1_238' title='bbox 424 3288 582 3336; x_wconf 83' lang='lat' dir='ltr'><strong>cum,</strong></span> <span class='ocrx_word' id='word_1_239' title='bbox 613 3287 790 3344; x_wconf 87' lang='lat' dir='ltr'><strong>quam</strong></span> <span class='ocrx_word' id='word_1_240' title='bbox 835 3269 1014 3328; x_wconf 84' lang='lat' dir='ltr'><strong>amici</strong></span> <span class='ocrx_word' id='word_1_241' title='bbox 1057 3289 1224 3330; x_wconf 89' lang='lat' dir='ltr'><strong>amor</strong></span> <span class='ocrx_word' id='word_1_242' title='bbox 1261 3269 1393 3349; x_wconf 86' lang='lat' dir='ltr'><strong>ipse</strong></span> <span class='ocrx_word' id='word_1_243' title='bbox 1435 3269 1727 3330; x_wconf 63' lang='lat' dir='ltr'><strong>delectam</strong></span> <span class='ocrx_word' id='word_1_244' title='bbox 1782 3282 2031 3350; x_wconf 83' lang='lat' dir='ltr'><strong>tumque</strong></span> <span class='ocrx_word' id='word_1_245' title='bbox 2070 3271 2225 3330; x_wconf 88' lang='lat' dir='ltr'><strong>illud</strong></span> <span class='ocrx_word' id='word_1_246' title='bbox 2261 3273 2349 3340; x_wconf 88' lang='lat' dir='ltr'><strong>fit,</strong></span> 
     </span>
     <span class='ocr_line' id='line_1_31' title="bbox 423 3363 2351 3445; baseline 0.004 -26"><span class='ocrx_word' id='word_1_247' title='bbox 423 3363 586 3442; x_wconf 86' lang='lat' dir='ltr'><strong>quod</strong></span> <span class='ocrx_word' id='word_1_248' title='bbox 629 3363 704 3420; x_wconf 86' lang='lat' dir='ltr'><strong>ab</strong></span> <span class='ocrx_word' id='word_1_249' title='bbox 745 3365 938 3423; x_wconf 85' lang='lat' dir='ltr'><strong>amico</strong></span> <span class='ocrx_word' id='word_1_250' title='bbox 977 3378 1069 3425; x_wconf 87' lang='lat' dir='ltr'><strong>est</strong></span> <span class='ocrx_word' id='word_1_251' title='bbox 1109 3365 1463 3444; x_wconf 82' lang='lat' dir='ltr'><strong>profectum,</strong></span> <span class='ocrx_word' id='word_1_252' title='bbox 1487 3366 1845 3445; x_wconf 84' lang='lat' dir='ltr'><strong>jucundum,</strong></span> <span class='ocrx_word' id='word_1_253' title='bbox 1880 3368 1931 3427; x_wconf 87' lang='lat' dir='ltr'><strong>si</strong></span> <span class='ocrx_word' id='word_1_254' title='bbox 1968 3387 2103 3426; x_wconf 85' lang='lat' dir='ltr'><strong>cum</strong></span> <span class='ocrx_word' id='word_1_255' title='bbox 2144 3368 2351 3432; x_wconf 87' lang='lat' dir='ltr'><strong>studio</strong></span> 
     </span>
     <span class='ocr_line' id='line_1_32' title="bbox 423 3458 2349 3542; baseline 0.002 -23"><span class='ocrx_word' id='word_1_256' title='bbox 423 3471 518 3519; x_wconf 87' lang='lat' dir='ltr'><strong>est</strong></span> <span class='ocrx_word' id='word_1_257' title='bbox 536 3458 876 3538; x_wconf 86' lang='lat' dir='ltr'><strong>profectum</strong></span> <span class='ocrx_word' id='word_1_258' title='bbox 895 3483 910 3532; x_wconf 71' lang='grc' dir='ltr'><strong><em>ς</em></strong></span> <span class='ocrx_word' id='word_1_259' title='bbox 947 3471 1297 3540; x_wconf 85' lang='lat' dir='ltr'><strong>tantumque</strong></span> <span class='ocrx_word' id='word_1_260' title='bbox 1321 3465 1509 3535; x_wconf 86' lang='lat' dir='ltr'><strong>abest,</strong></span> <span class='ocrx_word' id='word_1_261' title='bbox 1531 3475 1597 3522; x_wconf 90' lang='lat' dir='ltr'><strong>ut</strong></span> <span class='ocrx_word' id='word_1_262' title='bbox 1620 3463 1897 3522; x_wconf 81' lang='lat' dir='ltr'><strong>amicitiae</strong></span> <span class='ocrx_word' id='word_1_263' title='bbox 1919 3476 2167 3542; x_wconf 85' lang='lat' dir='ltr'><strong>propter</strong></span> <span class='ocrx_word' id='word_1_264' title='bbox 2192 3464 2349 3522; x_wconf 81' lang='lat' dir='ltr'><strong>indi-</strong></span> 
     </span>
     <span class='ocr_line' id='line_1_33' title="bbox 423 3556 2353 3638; baseline 0.002 -24"><span class='ocrx_word' id='word_1_265' title='bbox 423 3556 688 3634; x_wconf 81' lang='lat' dir='ltr'><strong>gentiam</strong></span> <span class='ocrx_word' id='word_1_266' title='bbox 731 3557 1016 3626; x_wconf 80' lang='lat' dir='ltr'><strong>colantur,</strong></span> <span class='ocrx_word' id='word_1_267' title='bbox 1047 3568 1114 3615; x_wconf 90' lang='lat' dir='ltr'><strong>ut</strong></span> <span class='ocrx_word' id='word_1_268' title='bbox 1144 3557 1208 3628; x_wconf 90' lang='lat' dir='ltr'><strong>ii,</strong></span> <span class='ocrx_word' id='word_1_269' title='bbox 1237 3558 1343 3636; x_wconf 88' lang='lat' dir='ltr'><strong>qui</strong></span> <span class='ocrx_word' id='word_1_270' title='bbox 1375 3558 1591 3638; x_wconf 90' lang='lat' dir='ltr'><strong>opibus</strong></span> <span class='ocrx_word' id='word_1_271' title='bbox 1632 3570 1697 3616; x_wconf 85' lang='lat' dir='ltr'><strong>et</strong></span> <span class='ocrx_word' id='word_1_272' title='bbox 1728 3558 1915 3636; x_wconf 86' lang='lat' dir='ltr'><strong>copiis</strong></span> <span class='ocrx_word' id='word_1_273' title='bbox 1954 3558 2353 3636; x_wconf 79' lang='lat' dir='ltr'><strong>maximeque</strong></span> 
     </span>
     <span class='ocr_line' id='line_1_34' title="bbox 421 3651 2353 3733; baseline 0.002 -23"><span class='ocrx_word' id='word_1_274' title='bbox 421 3652 642 3712; x_wconf 82' lang='lat' dir='ltr'><strong>virtute</strong></span> <span class='ocrx_word' id='word_1_275' title='bbox 691 3651 946 3731; x_wconf 80' lang='lat' dir='ltr'><strong>praediti,</strong></span> <span class='ocrx_word' id='word_1_276' title='bbox 981 3651 1044 3711; x_wconf 87' lang='lat' dir='ltr'><strong>in</strong></span> <span class='ocrx_word' id='word_1_277' title='bbox 1091 3673 1208 3731; x_wconf 85' lang='lat' dir='ltr'><strong>qua</strong></span> <span class='ocrx_word' id='word_1_278' title='bbox 1253 3654 1579 3732; x_wconf 82' lang='lat' dir='ltr'><strong>plurimum</strong></span> <span class='ocrx_word' id='word_1_279' title='bbox 1628 3667 1719 3714; x_wconf 82' lang='lat' dir='ltr'><strong>est</strong></span> <span class='ocrx_word' id='word_1_280' title='bbox 1764 3653 2051 3733; x_wconf 71' lang='lat' dir='ltr'><strong>praesidii,</strong></span> <span class='ocrx_word' id='word_1_281' title='bbox 2093 3655 2353 3714; x_wconf 82' lang='lat' dir='ltr'><strong>minime</strong></span> 
     </span>
     <span class='ocr_line' id='line_1_35' title="bbox 425 3748 2350 3828; baseline 0.004 -22"><span class='ocrx_word' id='word_1_282' title='bbox 425 3749 667 3808; x_wconf 83' lang='lat' dir='ltr'><strong>alterius</strong></span> <span class='ocrx_word' id='word_1_283' title='bbox 715 3748 1044 3828; x_wconf 78' lang='lat' dir='ltr'><strong>indigeant,</strong></span> <span class='ocrx_word' id='word_1_284' title='bbox 1083 3749 1483 3818; x_wconf 78' lang='lat' dir='ltr'><strong>liberalissimi</strong></span> <span class='ocrx_word' id='word_1_285' title='bbox 1530 3749 1647 3810; x_wconf 84' lang='lat' dir='ltr'><strong>sint</strong></span> <span class='ocrx_word' id='word_1_286' title='bbox 1694 3761 1755 3808; x_wconf 90' lang='lat' dir='ltr'><strong>et</strong></span> <span class='ocrx_word' id='word_1_287' title='bbox 1796 3749 2350 3813; x_wconf 80' lang='lat' dir='ltr'><strong>beneficentissimi.</strong></span> 
     </span>
    </p>
   </div>
  </div>
 </body>
</html>
