2525 4409
639 381 1039 436 rAnAnoxon,
1068 383 1380 426 vn—cu.
1411 383 1474 436 1.,
1495 383 1558 425 11.
1969 373 2050 430 8⁷

173 513 401 572 Etenim
426 532 499 572 ex
526 533 621 584 oo,
648 517 937 592 quantum
959 513 1179 592 cuique
1202 514 1348 574 satis
1373 526 1486 585 est,
1513 513 1841 574 metiuntur
1865 516 2052 576 homi·

170 609 625 672 nes-divitiarum
658 609 924 668 modum.
1006 609 1227 668 Filiam
1256 609 1390 687 quis
1417 608 1632 681 habet3
1673 611 1932 690 pecunia
1963 625 2055 672 est

167 723 341 781 opus:
380 705 559 776 duas3
602 705 867 783 majore:
904 704 1161 776 Plures3
1206 706 1434 784 majone
1467 706 1672 766 etiam.
1749 707 1836 766 Et
1877 708 1946 778 si.
1987 722 2054 768 ut

167 799 319 858 aiunt
368 801 598 871 Danao,
626 799 1048 878 quinquaginta
1092 801 1212 860 sint
1252 800 1408 870 filine,
1439 813 1527 860 tot
1563 801 1730 860 dotes
1771 823 2050 882 magnum

164 908 421 970 quaerunt
452 895 787 974 pecuniam.
870 894 1177 966 Quantam
1210 895 1370 954 enim
1397 897 1616 974 cuique
1647 917 1798 976 opus
1829 911 1944 969 est,
1971 899 2047 958 ad

161 987 219 1046 id
250 990 745 1060 accommodatur,
781 1001 849 1047 ut
882 1002 1015 1051 ante
1048 989 1193 1059 dixi,
1226 989 1566 1050 divitiarum
1605 992 1840 1052 modus.
1917 993 2048 1065 Qui

159 1081 329 1160 igitur
358 1104 475 1142 non
508 1085 657 1144 filias
689 1086 907 1163 plures,
932 1083 1041 1144 sed
1066 1072 1532 1144 innumerabiles
1567 1087 1918 1165 cupiditates
1945 1089 2044 1148 ha·

156 1178 270 1249 bet,
288 1200 419 1258 quae
440 1181 609 1240 brevi
628 1194 897 1259 tempore
916 1179 1205 1238 maximas
1226 1180 1428 1258 copias
1449 1181 1767 1240 exhaurire
1787 1183 2044 1260 possint3

156 1272 303 1332 hunc
336 1295 457 1351 quo
492 1274 669 1332 modo
702 1293 817 1352 ego
852 1275 1167 1352 appellabo
1198 1274 1458 1343 divitem,
1487 1295 1670 1351 quum
1704 1276 1834 1352 ipse
1867 1277 2048 1336 etiam

154 1385 329 1446 egere
360 1389 427 1426 se
456 1368 713 1426 sentiat?
794 1373 891 1426 45.
926 1367 1109 1426 Multi
1130 1389 1209 1426 ex
1236 1381 1298 1426 te
1325 1368 1658 1436 audierunt,
1681 1389 1864 1445 quum
1893 1369 2048 1428 dice·

154 1481 264 1533 res,
298 1462 577 1520 nminem
614 1482 727 1520 cue
759 1463 1015 1530 divitem,
1046 1464 1163 1520 nisi
1194 1465 1298 1538 qui
1329 1463 1636 1522 exercitum
1675 1464 1832 1548 alere
1860 1475 2051 1540 postet

152 1558 265 1614 suis
268 1557 571 1634 fructibus
590 1578 611 1614 .-
658 1556 819 1632 quod
848 1559 1105 1634 populus
1123 1557 1434 1617 Romanus
1461 1557 1640 1616 tantis
1659 1559 2049 1638 vectigalibus

154 1651 511 1730 jampridem
532 1651 635 1708 vix
655 1662 869 1730 potest.
948 1651 1117 1729 Ergo
1136 1652 1249 1710 hoc
1269 1652 1588 1732 proposito,
1609 1673 1912 1732 nunquam
1933 1655 2048 1714 eris
2084 1696 2092 1705 -

154 1744 309 1804 dives
330 1759 490 1816 ante,
512 1765 689 1822 quam
708 1745 817 1804 tibi
838 1765 917 1804 ex
936 1746 1055 1804 tuis
1074 1747 1542 1826 possessionibus
1561 1761 1794 1824 tantum
1821 1749 2046 1810 reficiu-

152 1852 256 1912 tur,
272 1854 340 1900 ut
360 1862 435 1901 eo
456 1840 617 1898 tueri
636 1860 745 1900 sex
765 1841 1035 1918 legiones
1060 1853 1121 1900 et
1146 1861 1366 1920 magua
1391 1842 1660 1921 equitum
1683 1865 1752 1903 ac
1770 1845 2046 1923 peditum

152 1937 365 1996 auxilia
384 1936 595 2018 possis.
676 1937 721 2002 J
722 1957 819 1996 am
840 1937 1045 1996 fateris
1062 1937 1261 2015 igitur,
1279 1959 1397 1996 non
1421 1959 1550 1998 esse
1575 1952 1636 1998 te
1657 1940 1922 2012 divitem,
1945 1941 2044 2000 cui

151 2043 363 2092 tantum
396 2033 579 2104 desit,
605 2043 673 2090 ut
706 2034 955 2110 expleas
981 2031 1062 2102 id,
1091 2033 1255 2109 quod
1281 2045 1545 2112 exoptas.
1623 2035 1836 2110 Itaque
1869 2036 2045 2094 istam

152 2141 583 2206 paupertatem,
610 2129 706 2185 vel
732 2127 927 2204 potius
953 2139 1286 2204 egestatem
1313 2148 1384 2186 ac
1409 2128 1858 2188 mendicitatem
1884 2141 2047 2190 tuam

148 2239 443 2300 nunquam
476 2223 725 2280 obscure
750 2219 957 2278 tulisti.

222 2411 301 2469 ΙΙ.
336 2417 431 2472 46.
471 2410 629 2470 Nam
658 2423 723 2468 ut
744 2410 836 2479 iis,
856 2409 956 2488 qui
978 2410 1224 2470 honeste
1251 2430 1378 2468 rem
1406 2423 1674 2488 quaerunt
1700 2413 2046 2474 mercaturis

146 2503 450 2577 faciendis,
496 2506 693 2585 operis
732 2505 961 2576 dandis,
1002 2506 1257 2584 publicis
1288 2506 1616 2576 sumendis,
1659 2508 2046 2587 intelligimus

147 2619 293 2678 epus
326 2623 467 2662 esse
492 2601 777 2678 quaesito:
817 2601 923 2670 sic,
954 2601 1057 2678 qui
1082 2601 1251 2660 videt
1278 2601 1438 2660 domi
1464 2615 1584 2662 tuoe
1616 2605 1844 2682 pariter
1872 2625 2045 2665 accu-

146 2707 397 2756 satorum
434 2708 611 2772 atque
636 2696 907 2780 judicum
942 2697 1310 2756 consociatos
1343 2718 1592 2776 gregem
1635 2699 1740 2776 qui
1762 2713 2046 2760 nocentes

146 2803 207 2847 et
228 2791 585 2868 pecuniosos
608 2811 766 2861 reos,
792 2791 1009 2850 eodem
1038 2804 1099 2848 te
1125 2805 1386 2864 auctore,
1413 2795 1814 2870 corruptelam
1833 2795 2048 2870 judicii

148 2886 477 2953 molientes,
520 2884 621 2960 qui
664 2899 799 2942 tuas
844 2885 1189 2942 mercedum
1230 2887 1536 2962 pactiones
1577 2886 1640 2940 in
1688 2887 2048 2962 patrociniis,

150 2976 609 3040 intercessiones
648 2975 1036 3052 pecuniarum
1078 2976 1140 3033 in
1182 2978 1538 3036 coitionibus
1585 2977 2048 3048 candidatorum,

147 3073 527 3133 dimissiones
545 3069 891 3126 libertorum
912 3070 995 3127 ‘ad
1016 3068 1374 3129 fenerandas
1403 3070 1886 3160 diripiendasque
1913 3093 2048 3150 pro·-

145 3172 401 3232 vineiasz
438 3165 543 3246 qui
561 3164 947 3243 expulsiones
966 3165 1314 3236 vicinorum,
1331 3167 1434 3242 qui
1455 3165 1766 3224 latrocinia
1789 3166 1852 3223 in
1875 3167 2074 3246 agris,-

152 3270 250 3344 qui
294 3280 434 3326 cum
478 3260 686 3330 servis,
722 3279 861 3317 cum
902 3258 1143 3328 libertis,
1178 3279 1317 3318 cum
1361 3259 1670 3319 clientibus
1717 3262 2050 3335 societates,

150 3363 250 3438 qui
280 3357 689 3442 possessiones
730 3373 970 3426 vacuas,
1002 3353 1103 3431 qui
1142 3355 1609 3436 proscriptiones
1649 3357 2048 3438 locupletium,

152 3458 251 3532 qui
276 3457 473 3516 caedes
506 3452 982 3532 municipiorum,
1014 3449 1118 3529 qui
1145 3450 1308 3509 illam
1333 3451 1563 3511 Sullani
1587 3455 2050 3532 temporis.tnes-

152 3571 276 3610 sem
310 3548 681 3619 recordetur,
712 3547 815 3626 qui
845 3559 1199 3607 testamenta
1218 3547 1512 3624 subjecta,
1541 3548 1642 3624 qui
1669 3551 1936 3608 sublatos
1967 3553 2054 3605 tot

154 3639 457 3716 homines,
494 3641 599 3722 qui
618 3642 877 3722 denique
900 3643 1098 3703 omnia
1117 3642 1368 3712 venalia,
1385 3641 2051 3712 delectum-,·decretum,

155 3741 433 3811 alienam,
467 3759 633 3800 suam
672 3740 1042 3810 sententiam,
1074 3735 1584 3814 forumrdomum,
1609 3754 1849 3806 vocem,
1875 3734 2051 3794 silen-
