2525 4409
633 412 774 455 siva
811 410 892 453 nn
931 409 1471 453 Amarae—car.
1498 410 1637 451 xm.
2012 394 2086 452 51

159 545 468 616 remittas3
507 557 686 624 caput
710 545 872 603 enim
895 563 1028 603 esse
1051 542 1124 602 ad
1142 543 1320 602 beate
1338 541 1663 600 vivendum
1686 541 2093 609 securitatem,

163 662 293 719 qua
314 642 430 699 frui
451 661 566 699 non
591 641 778 719 possit
808 640 1059 708 animus,
1081 640 1133 697 si
1153 652 1457 717 tamquam
1483 639 1777 717 parturiat
1807 658 1957 695 unus
1987 657 2095 715 pro

160 738 461 815 pluribus.
545 742 641 795 46.
675 737 846 794 Alios
875 748 1076 795 autem
1099 735 1301 794 dicere
1324 735 1488 793 aiunt
1514 736 1699 793 multo
1723 734 1903 793 etiam
1924 733 2092 791 inhu-

160 833 406 893 manius
464 834 670 912 (quem
719 834 919 891 locum
965 831 1228 891 breviter
1279 831 1605 911 perstrinxi
1650 830 1857 910 paullo
1911 830 2091 905 ante),

161 928 438 1007 praesidii
487 929 940 1007 adjumentique
995 948 1194 999 causa,
1238 948 1362 986 non
1410 927 1841 986 benevolentiae
1894 946 2093 1003 neque

164 1024 436 1083 caritatis
477 1025 765 1084 amicitias
811 1044 944 1083 esse
985 1024 1375 1103 expetendas.
1460 1024 1695 1100 Itaque,
1730 1035 1797 1081 ut
1835 1022 2091 1099 quisque

161 1119 484 1179 minimum
517 1120 808 1180 firmitatis
840 1121 1076 1189 habeat,
1104 1120 1539 1196 minimumque
1566 1118 1801 1187 virium,
1830 1118 1917 1175 ita
1948 1118 2091 1175 ami·

165 1215 348 1273 citias
377 1229 662 1295 appetere
693 1216 988 1274 maxime:
1035 1234 1112 1274 ex
1141 1233 1216 1273 eo
1241 1214 1391 1284 fieri,
1414 1227 1480 1272 ut
1506 1213 1873 1272 mulierculae
1900 1214 2096 1291 magis

165 1311 574 1369 amicitiarum
600 1309 880 1390 praesidia
906 1323 1192 1386 quaerant,
1224 1330 1405 1387 quam
1432 1309 1559 1377 viri,
1590 1321 1651 1366 et
1678 1310 1888 1386 inopes
1918 1330 2097 1386 quam

165 1407 463 1483 opulenti,
485 1418 544 1463 et
571 1405 900 1464 calamitosi
922 1425 1102 1481 quam
1129 1405 1191 1474 ii,
1215 1405 1319 1483 qui
1348 1417 1633 1483 putantur
1652 1405 1829 1463 beati.
1912 1410 2009 1463 47.
2042 1405 2098 1463 Ο

166 1501 531 1579 praeclaram
577 1501 930 1579 sapientiam
955 1501 969 1558 l
1070 1500 1277 1558 Solem
1326 1500 1485 1558 enim
1533 1520 1569 1557 e
1616 1500 1839 1557 mundo
1884 1502 2099 1558 tollere

167 1596 474 1665 videntur,
496 1596 596 1673 qui
625 1596 946 1655 amicitiam
975 1616 1012 1654 e
1039 1596 1160 1655 vita
1189 1597 1441 1655 tolluntz
1484 1616 1603 1674 qua
1622 1595 1770 1653 nihil
1792 1616 1826 1653 a
1848 1595 1964 1653 diis
1992 1595 2097 1653 im-

168 1690 524 1751 mortalibus
573 1692 788 1750 melius
832 1692 1138 1761 habemus,
1179 1692 1325 1749 nihil
1360 1692 1705 1771 jucundius.
1803 1692 1961 1763 Quae
2010 1704 2101 1751 est

170 1788 336 1846 enim
379 1788 492 1847 ista
532 1788 866 1847 securitas‘l
922 1788 1128 1867 specie
1170 1786 1414 1866 quidem
1458 1788 1694 1857 blanda,
1732 1789 1839 1846 sed
1882 1808 2095 1867 reapse

171 1884 380 1941 multis
408 1884 556 1942 locis
586 1883 976 1963 repudianda.
1059 1884 1282 1961 Neque
1316 1884 1479 1941 enim
1514 1896 1609 1943 est
1636 1898 2098 1943 consentaneum

171 1980 358 2037 ullam
385 1980 692 2039 honestam
719 1999 851 2038 rem
880 1980 1272 2048 actionemve,
1294 2000 1371 2038 ne
1399 1980 1687 2039 sollicitus
1716 1981 1815 2051 sis,
1846 1994 1949 2039 aut
1975 2002 2097 2039 non

173 2074 500 2153 suscipere,
523 2086 626 2133 aut
653 2087 994 2153 susceptam
1017 2073 1343 2153 deponere.
1427 2076 1617 2147 Quod
1642 2077 1693 2135 si
1714 2097 1921 2134 curam
1941 2076 2095 2154 fugi-

173 2190 334 2240 mus,
355 2169 542 2228 virtus
562 2170 854 2248 fugienda
875 2182 980 2238 est,
1005 2189 1140 2246 quae
1167 2190 1423 2228 necesse
1451 2182 1541 2229 est
1567 2191 1701 2229 cum
1732 2170 1937 2248 aliqua'
1954 2192 2099 2231 cura

175 2285 276 2323 res
321 2264 434 2323 sibi
479 2265 803 2324 contrarias
851 2277 1206 2344 aspernetur
1253 2276 1435 2342 atque
1478 2264 1705 2334 oderit3
1762 2278 1829 2323 ut
1867 2266 2097 2325 bonitas

176 2360 486 2430 malitiam,
508 2361 903 2439 temperantia
923 2358 1257 2430 libidinem,
1278 2359 1581 2438 ignaviam
1600 2360 1903 2419 fortitudO.
1980 2361 2097 2419 Ita-

178 2476 302 2533 que
320 2456 527 2515 videas
549 2458 733 2515 rebus
753 2455 989 2534 injustis
1002 2455 1200 2533 justos
1222 2456 1489 2513 maxime
1510 2455 1740 2525 dolere,
1759 2456 2097 2515 imbellibus

175 2551 380 2621 fortes,
401 2551 709 2631 flagitiosis
737 2550 1056 2610 modestos.
1138 2550 1309 2629 Ergo
1332 2553 1447 2610 hoc
1465 2552 1775 2630 proprium
1796 2565 1887 2611 est
1916 2552 2097 2612 animi

175 2648 334 2704 bene
363 2648 680 2717 constituti,
711 2660 773 2705 et
797 2647 990 2705 laetari
1016 2646 1188 2705 bonis
1217 2648 1421 2717 rebus,
1446 2660 1505 2706 et
1531 2646 1739 2705 dolere
1770 2648 2096 2707 contrariis.

179 2746 277 2800 48.
317 2742 728 2815 Quamobrem
771 2743 822 2800 si
865 2742 1026 2801 cadit
1059 2743 1119 2801 in
1163 2743 1500 2821 sapientem
1543 2743 1725 2801 animi
1761 2743 1928 2801 dolor
1969 2743 2097 2820 (qui

177 2837 452 2917 profecto
473 2839 650 2908 cadit,
667 2838 784 2895 nisi
805 2858 886 2896 ex
909 2839 1040 2915 ejus
1063 2838 1262 2896 animo
1284 2838 1649 2915 extirpatam
1666 2838 2099 2895 humanitatem

178 2934 578 3009 arbitramur),
606 2952 740 3010 quae
775 2952 956 2991 causa
989 2944 1099 3002 est,
1129 2953 1237 2990 cur
1270 2931 1589 2990 amicitiam
1624 2930 1890 2988 funditus
1932 2933 2097 2989 tolla-

175 3049 311 3087 mus
333 3049 370 3086 e
390 3027 532 3096 vita,
551 3046 630 3084 ne
653 3027 884 3102 aliquas
905 3041 1154 3105 propter
1173 3048 1308 3085 eam
1334 3028 1734 3106 suscipiamus
1758 3025 2096 3085 molestias'l

177 3121 350 3196 Quid
388 3121 549 3180 enim
591 3122 856 3186 interest,
891 3134 1054 3179 motu
1097 3121 1279 3179 animi
1319 3122 1571 3189 sublate,
1604 3139 1723 3179 non
1765 3119 1903 3175 dico
1943 3120 2099 3178 inter

175 3219 485 3279 hominem
520 3228 580 3276 et
611 3214 930 3297 pecudem,
966 3214 1075 3273 sed
1104 3216 1262 3273 inter
1294 3216 1598 3274 hominem
1634 3229 1694 3273 et
1734 3234 1968 3287 saxum,
1998 3230 2099 3276 aut

178 3330 478 3383 truncum,
503 3326 603 3373 aut
623 3309 862 3391 quidvis
883 3310 1124 3389 generis
1145 3310 1453 3389 ejusdem?
1536 3310 1757 3391 Neque
1778 3312 1937 3371 enim
1959 3327 2096 3372 sunt
2174 3356 2181 3363 ·

179 3411 278 3470 isti
311 3409 612 3479 audiendi,
643 3407 744 3487 qui
779 3406 1064 3466 virtutem
1098 3406 1331 3477 duram,
1367 3419 1429 3466 et
1462 3408 1630 3486 quasi
1663 3408 1920 3468 ferream
1962 3429 2094 3469 esse

183 3504 480 3585 quandam
511 3507 754 3565 volunt:
799 3522 930 3581 quae
963 3496 1218 3582 quidem*
1245 3516 1352 3573 est,
1382 3524 1519 3563 cum
1554 3506 1757 3564 multis
1790 3505 1851 3562 in
1893 3506 2093 3573 rebus,

180 3616 308 3659 tum
328 3601 389 3658 in
407 3601 686 3669 amicitia,
708 3610 918 3657 tenera
943 3612 1124 3678 atque
1150 3600 1473 3659 tractabilis
1494 3624 1509 3659 z
1552 3613 1615 3659 ut
1638 3612 1700 3659 et
1719 3600 1893 3658 bonis
1920 3598 2096 3657 amici

181 3696 350 3776 quasi
383 3696 800 3765 diffundantur,
831 3707 892 3753 et
924 3695 1321 3755 incommodis
1356 3696 1789 3756 contrahantur.
1864 3692 2093 3765 Quam-

181 3794 384 3851 obrem
415 3810 602 3869 angor
633 3789 764 3859 iste,
793 3789 896 3866 qui
925 3810 1036 3868 pro
1067 3790 1260 3849 amico
1288 3810 1451 3869 saepe
1486 3788 1809 3867 capiendus
1840 3801 1944 3858 est,
1976 3809 2094 3847 non
