2525 4409
657 387 800 430 sivs
837 369 938 430 π’
956 385 1497 430 Amorum—cn.
1530 387 1639 428 xx.
2026 371 2107 430 59

257 501 405 578 XX.
451 523 555 578 71.
590 518 679 578 Ut
711 518 898 598 igitur
930 517 991 589 ii,
1021 519 1123 596 qui
1157 531 1297 577 sunt
1326 518 1389 576 in
1432 517 1707 576 amicitiae
1742 518 2109 596 conjunctio-

175 613 392 690 nisque
431 615 882 674 necessitudine
922 614 1283 692 superiores,
1313 633 1629 691 exaequare
1674 633 1739 673 se
1780 634 1917 672 cum
1958 613 2107 672 infe·

174 709 440 768 rioribus
481 709 738 768 debent:
785 710 872 768 sic
906 709 1218 768 inferiores
1259 729 1377 768 non
1410 710 1638 780 dolere,
1666 730 1733 768 se
1768 729 1805 767 s.
1840 709 1961 768 suis
2002 722 2108 770 eut

177 803 449 883 ingenio,
500 819 606 863 eut
645 805 900 874 fortune,
945 817 1048 862 eut
1097 803 1385 882 dignitate
1439 806 1725 883 superari.
1822 805 2103 876 Quorum

174 900 466 978 plerique
505 913 606 958 aut
635 913 968 978 queruntur
999 913 1240 978 semper
1272 899 1513 977 aliquid,
1544 913 1645 959 aut
1678 900 1858 960 etiam
1884 923 2100 982 expro-

174 995 390 1054 brant:
440 1016 644 1074 eoque
685 995 892 1074 magis,
923 995 974 1054 si
1006 995 1230 1053 habere
1266 1015 1333 1052 se
1364 1009 1591 1074 putant,
1626 997 1783 1073 quod
1824 997 2102 1069 officiose,

173 1103 234 1147 et
272 1092 499 1161 amice,
531 1105 591 1150 et
619 1111 757 1151 cum
784 1092 992 1149 labore
1021 1090 1222 1168 aliquo
1251 1111 1359 1149 suo
1386 1091 1609 1150 factum
1634 1095 1865 1170 queant
1882 1093 2102 1154 dicere.

172 1185 484 1245 Odiosum
505 1207 646 1246 sane
669 1207 860 1266 genus
877 1187 1184 1246 hominum
1201 1185 1399 1245 officia
1412 1188 1933 1265 exprobrantium:
1969 1210 2104 1267 quae

168 1282 538 1340 meminisse
567 1282 750 1340 debet
774 1283 844 1351 is,
873 1282 934 1338 in
963 1301 1146 1358 quem
1174 1281 1391 1340 collata
1418 1295 1572 1350 sunt,
1600 1303 1721 1340 non
1749 1303 2105 1342 commemo-

167 1397 335 1445 rare,
369 1377 482 1452 qui
522 1377 784 1442 contulit.
867 1381 962 1434 72.
997 1376 1413 1446 Quamobrem
1444 1388 1510 1434 ut
1544 1377 1606 1445 ii,
1634 1377 1739 1454 qui
1770 1378 2107 1454 superiores

170 1483 338 1538 sunt,
366 1471 752 1529 summittere
779 1490 844 1529 se
866 1471 1086 1529 debent
1105 1471 1170 1530 in
1197 1471 1492 1541 amicitia3
1536 1471 1621 1529 sic
1644 1471 1899 1549 quodam
1930 1474 2109 1536 modo

174 1565 510 1624 inferiores
559 1567 869 1624 extollere.
971 1566 1122 1624 Sunt
1167 1566 1329 1624 enim
1378 1567 1639 1644 quidam,
1684 1569 1787 1644 qui
1834 1569 2109 1627 molestas

178 1662 486 1720 amicitias
514 1661 757 1732 faciunt,
779 1682 918 1720 cum
947 1661 1063 1740 ipsi
1089 1681 1154 1720 se
1182 1662 1485 1719 contemni
1513 1675 1760 1740 putent:
1805 1662 1961 1739 quod
1991 1685 2109 1722 non

177 1757 310 1815 fere
353 1757 669 1836 contingit,
704 1758 819 1816 nisi
852 1757 942 1826 iis,
971 1757 1076 1834 qui
1119 1758 1301 1816 etiam
1344 1759 1808 1816 contemnendos
1849 1780 1915 1817 se
1958 1760 2107 1817 arbi-

178 1864 453 1923 trantur3
499 1854 606 1932 qui
638 1853 751 1912 hac
797 1853 1079 1931 opinione
1121 1873 1242 1910 non
1288 1851 1467 1911 modo
1510 1854 1727 1922 verbis,
1770 1854 1880 1912 sed
1926 1856 2106 1914 etiam

128 1964 130 1966 ’
182 1971 374 2029 opere
409 1951 653 2009 levandi
687 1963 837 2008 sunt.
918 1955 1014 2008 73.
1059 1949 1319 2008 Tantum
1355 1962 1553 2008 autem
1596 1950 1811 2028 cuique
1846 1952 2105 2011 tribuen-

183 2045 348 2116 dum,
367 2048 652 2126 primurm
671 2058 953 2122 quantum
975 2045 1108 2122 ipse
1119 2045 1375 2102 -efficere
1398 2045 1613 2122 possis;
1652 2045 1871 2104 deinde
1902 2047 2105 2116 etiam,

185 2155 482 2218 quantum
507 2142 631 2209 ille,
655 2159 836 2218 quem
863 2139 1076 2216 diligas
1104 2151 1283 2216 atque
1313 2138 1573 2216 adjuves,
1596 2141 1904 2197 sustinere.
1968 2141 2111 2197 Non

185 2238 344 2296 enim
394 2253 464 2297 tu
519 2237 728 2316 possis,
765 2235 1033 2314 quamvis
1078 2235 1220 2299 licet
1267 2235 1549 2304 excellas,
1594 2254 1803 2292 omnes
1850 2249 1983 2292 tuos
2032 2235 2111 2293 sd

184 2331 438 2392 honores
496 2331 888 2410 amplissimos
928 2330 1303 2408 perducere:
1358 2341 1425 2387 ut
1466 2329 1671 2407 Scipio
1704 2329 1775 2388 P.
1800 2321 2111 2408 Rupilium

187 2430 384 2506 potuit
413 2429 730 2489 consulem
759 2427 1029 2496 efficere3
1065 2426 1311 2484 fratrem
1333 2425 1463 2503 ejus
1487 2425 1745 2484 Lucium
1768 2445 1882 2483 non
1903 2426 2110 2504 potuit.

189 2523 374 2595 Quod
395 2526 450 2584 si
473 2525 658 2582 etiam
678 2523 868 2602 possis
887 2522 1122 2601 quidvis
1139 2518 1475 2582 deferre'ad
1494 2523 1766 2594 alterum,
1784 2522 2111 2582 videndum

190 2633 277 2678 est
297 2634 526 2689 tamen,
547 2620 692 2698 quid
709 2619 810 2677 ille
827 2619 1014 2698 possit
1033 2619 1343 2680 sustinere.
1413 2623 1505 2677 74.
1534 2619 1791 2678 Omnino
1815 2619 2111 2688 amicitiae,

192 2716 600 2776 corroboratis
624 2716 773 2794 jam,
810 2716 1288 2793 confirmatisque
1328 2728 1391 2774 et
1422 2714 1694 2793 ingeniis,
1726 2728 1786 2774 et
1820 2715 2111 2781 aetatibuS,

193 2809 546 2888 judicandae
587 2825 756 2870 suntt
818 2831 952 2881 nec,
986 2811 1036 2868 si
1071 2811 1174 2887 qui
1203 2811 1447 2868 ineunte
1488 2824 1665 2868 aetate
1704 2809 1977 2876 venandi,
2015 2822 2117 2866 aut

193 2899 332 2984 pilae
362 2907 620 2967 studiosi
641 2905 878 2971 fuerint,
902 2925 1004 2963 eos
1023 2906 1247 2962 habere
1276 2904 1662 2970 necessarios,
1685 2922 1835 2978 quos
1862 2915 1989 2958 tum
2018 2921 2115 2958 eo-

197 3001 335 3061 dem
366 3000 572 3060 studio
591 2997 876 3076 praeditos
898 2997 1252 3056 dilexerunt.
1326 2999 1451 3056 Isto
1472 2997 1631 3055 enim
1654 2995 1833 3052 modo
1854 2995 2117 3053 nutrices

201 3111 260 3155 et
287 3091 615 3177 paedagogi
635 3093 778 3169 jure
795 3093 1096 3148 vetustatis
1117 3093 1439 3167 plurimum
1457 3089 1895 3148 benevolentiae
1922 3101 2119 3165 postu-

201 3193 410 3251 labunt
435 3213 448 3249 ε
493 3188 594 3266 qui
623 3183 972 3263 negiigendi
994 3183 1234 3261 quidem
1262 3204 1381 3242 non
1409 3196 1563 3252 sunt,
1593 3183 1697 3241 sed
1730 3183 1843 3242 alio
1865 3182 2121 3260 quodam

205 3289 404 3346 modo.
485 3283 682 3344 Aliter
717 3277 992 3338 amicitiae
1034 3278 1277 3337 stabiles
1311 3299 1664 3358 permanere
1705 3301 1823 3338 non
1857 3289 2150 3360 possunts

209 3381 499 3462 Dispares
534 3381 692 3439 enim
729 3395 926 3434 mores
961 3373 1220 3452 disparia
1257 3373 1455 3434 studia.
1493 3389 1837 3454 sequuntur,
1869 3397 2121 3455 quorum

212 3476 630 3537 dissimilitudo
673 3473 950 3532 dissociat
999 3470 1324 3530 amicitias:
1384 3491 1497 3530 nec
1540 3473 1617 3531 ob
1662 3474 1840 3532 aliam
1882 3492 2123 3529 eausam

215 3575 396 3632 ullam
413 3574 551 3632 boni
567 3570 878 3650 improbis,
897 3567 1154 3649 improbi
1172 3568 1343 3626 bonis
1364 3570 1539 3628 amici
1564 3590 1697 3628 esse
1718 3589 1833 3626 non
1855 3580 2123 3645 possunt,

216 3671 330 3730 nisi
357 3671 518 3750 quod
545 3683 704 3730 tanta
737 3681 828 3727 est
853 3668 1012 3727 inter
1043 3687 1168 3736 eos,
1197 3680 1421 3744 quanta
1451 3665 1713 3723 maxima
1739 3674 1939 3743 potest
1972 3681 2123 3731 esse,

221 3785 450 3826 morum
478 3765 924 3844 studiorumque
948 3762 1242 3824 distantia.
1328 3766 1422 3822 75.
1460 3760 1652 3820 Recte
1674 3760 1855 3820 etiam
1878 3757 2127 3840 praecipi
