2525 4409
417 849 517 963 Μ.
574 809 1004 936 Τύιωι
1099 850 1761 942 clcrnoms

535 1023 1573 1134 ‘PARADOXA

477 1239 669 1314 AD
773 1220 877 1312 Mss
963 1227 1691 1318 BR‘UTUM.

835 1532 1339 1596 Paocnmuu.

219 1627 270 1681 1.
301 1623 760 1695 Ammnvnu,
790 1624 1002 1696 Brute,
1029 1645 1192 1704 saepe
1221 1626 1537 1696 Catonem,
1566 1626 1923 1706 avunculum
1954 1637 2045 1690 tu·

143 1737 256 1788 um,
283 1739 464 1796 quum
499 1719 562 1778 in
599 1733 806 1778 senatu
847 1721 1202 1782 sententiam
1237 1721 1486 1792 diceret,
1522 1722 1683 1780 locos
1716 1741 1929 1799 graves
1962 1741 2045 1782 ex

142 1805 500 1893 philosophia
544 1827 816 1885 tractare,
853 1815 1236 1875 abhorrentes
1279 1817 1357 1876 ab
1389 1817 1503 1876 hoc
1552 1837 1664 1876 usu
1705 1816 1931 1876 forensi
1980 1829 2043 1876 et

141 1908 400 1985 public03
437 1909 544 1968 sed
567 1909 824 1970 dicendo
851 1912 1136 1989 consequi
1156 1925 1379 1983 tamen,
1397 1925 1463 1972 ut
1488 1912 1589 1971 illa
1616 1895 2041 1991 etiam⁸populo

141 2003 460 2079 probabilia
491 2005 864 2064 viderentur.
927 2011 993 2074 ,2.
1027 2006 1218 2078 Quod
1250 2025 1327 2064 eo
1364 2007 1559 2085 majus
1600 2019 1695 2065 est
1726 2007 1827 2076 illi,
1860 2027 2039 2083 quam

142 2109 235 2154 aut
263 2099 368 2156 tibi
403 2112 506 2158 aut
535 2101 741 2174 nobis3
798 2101 940 2177 quia
972 2121 1080 2160 nos
1111 2121 1188 2159 ea
1219 2100 1601 2179 philosophia
1631 2103 1765 2179 plus
1798 2101 2039 2172 utimur,

137 2211 260 2266 quae
293 2191 536 2272 peperit
568 2194 807 2254 dicendi
837 2195 1092 2272 copiam,
1121 2207 1185 2254 et
1215 2194 1281 2252 in
1316 2214 1435 2271 qua
1467 2193 1747 2252 dicuntur
1786 2215 1877 2264 ea,
1908 2214 2041 2271 quae

137 2305 248 2346 non
265 2290 518 2348 multum
538 2289 877 2368 discrepent
895 2290 972 2346 ab
993 2289 1277 2366 opinione
1299 2289 1603 2367 populari:
1640 2289 1793 2348 Cato
1822 2301 2041 2360 autem,

135 2380 443 2456 perfectus,
478 2401 618 2440 mea
662 2381 972 2450 sententia,
1009 2381 1265 2449 Stoicus,
1300 2394 1363 2440 et
1401 2401 1478 2440 ea
1515 2382 1713 2452 sentit,
1748 2403 1881 2461 quae
1922 2403 2041 2442 non

133 2493 266 2533 sane
294 2477 620 2552 probantur
645 2476 707 2534 in
735 2477 968 2553 vulgus,
997 2489 1058 2534 et
1083 2476 1144 2534 in
1169 2496 1244 2534 ea
1272 2489 1365 2534 est
1390 2477 1621 2548 hoeresi,
1644 2499 1779 2556 quae
1804 2481 2039 2538 nullum

133 2570 393 2646 sequitur
423 2571 634 2652 florem
669 2570 956 2630 orationis
987 2589 1184 2649 neque
1217 2571 1423 2632 dilatat
1456 2587 1891 2651 argumentum,
1928 2573 2038 2634 sed

133 2666 366 2724 minutis
399 2666 1002 2746 interrogatiunculis,
1030 2667 1204 2744 quasi
1237 2668 1491 2748 punctis,
1518 2670 1679 2748 quod
1710 2672 2037 2750 proposuit,

133 2761 320 2821 efficita
403 2767 460 2821 3.
495 2761 617 2820 Sed
641 2762 788 2820 nihil
809 2775 900 2820 est
924 2775 1046 2820 tam
1073 2744 1440 2836 in‘credibile,
1458 2764 1617 2842 quod
1638 2785 1757 2824 non
1780 2765 2039 2824 dicendo

133 2856 226 2916 fiat
257 2857 606 2936 probabile;
657 2857 806 2916 nihil
841 2870 962 2918 tam
989 2858 1336 2929 horridum,
1369 2871 1493 2916 tam
1534 2858 1839 2926 incultum,
1874 2859 2039 2933 quod

131 2971 240 3012 non
271 2952 657 3032 splendescat
697 2952 962 3012 oratione
995 2965 1060 3012 et
1091 2965 1395 3031 tamquam
1437 2953 1765 3011 excolatur.
1846 2951 2037 3022 Quod

132 3069 306 3126 quum
333 3048 418 3108 ita
443 3060 732 3127 putarem,
759 3048 876 3108 feci
901 3048 1082 3108 etiam
1111 3047 1415 3116 audacius,
1442 3065 1621 3124 quam
1650 3043 1755 3104 ille
1783 3044 1930 3123 ipse,
1960 3043 2037 3102 de

130 3165 240 3222 quo
266 3146 502 3222 loquor.
583 3143 734 3203 Cato
761 3143 924 3202 enim
954 3142 1265 3201 dumtaxat
1290 3141 1371 3200 de
1396 3135 1803 3217 magnitudine
1834 3138 2036 3210 animi,

129 3238 198 3298 de
233 3239 613 3308 continentia,
643 3239 722 3296 de
762 3251 972 3306 morte,
1001 3236 1080 3294 de
1123 3235 1281 3292 omni
1316 3233 1497 3290 laude
1530 3232 1781 3303 virtutis,
1808 3233 1886 3292 de
1921 3234 2036 3293 diis

129 3333 580 3405 immortalibus,
619 3334 698 3392 de
729 3334 994 3394 'caritate
1034 3329 1260 3409 patriae,
1304 3327 1507 3386 Stoice
1552 3328 1721 3400 solet,
1764 3330 2071 3388 oratoriisf

130 3431 484 3489 ornamentis
512 3429 812 3500 adhibitis,
835 3428 1056 3488 dicere.
1137 3423 1275 3502 Ego
1301 3443 1447 3482 vero
1474 3423 1577 3482 illa
1600 3424 1749 3503 ipsa,
1772 3446 1905 3503 quae
1933 3425 2037 3484 vix

129 3524 184 3582 in
223 3525 554 3604 gymnasiis
587 3538 649 3585 et
679 3525 742 3582 in
777 3524 900 3584 otio
935 3519 1120 3580 Stoici
1151 3518 1425 3598 probant,
1458 3518 1669 3577 ludens
1710 3518 1941 3595 conjeci
1972 3518 2039 3574 in

129 3639 470 3680 communes
489 3621 670 3680 locos.
731 3625 786 3680 4.
814 3618 994 3689 Quae,
1010 3615 1149 3692 quia
1165 3626 1303 3672 sunt
1324 3613 1696 3672 admirabilia
1714 3625 2035 3687 contraque

130 3717 469 3795 opinionem
483 3715 772 3784 omnium,
789 3727 851 3774 et
869 3713 946 3773 ab
961 3711 1106 3790 ipsis
1123 3709 1304 3768 etiam
1325 3706 1625 3780 παράδοξα
1648 3704 2035 3783 appellantur,

130 3821 354 3870 tentare
375 3809 561 3878 volui,
581 3820 898 3887 possentne
920 3805 1174 3885 proferri
1199 3804 1262 3865 in
1282 3804 1502 3872 lucem,
1524 3799 1587 3858 id
1608 3811 1718 3870 est,
1740 3797 1803 3855 in
1824 3797 2037 3867 forum,

1052 3899 1114 3956 D
