2525 4409
775 409 1180 466 rAuooon,
1209 413 1494 458 v.--eA1·.
1522 419 1563 459 1.
1588 463 1597 468 ,
2034 405 2119 466 83

841 637 880 682 Ρ
894 639 936 682 Α
955 639 1006 684 R.
1019 641 1064 685 A
1079 641 1124 686 D
1141 643 1184 687 Ο
1201 643 1252 688 X
1272 645 1315 689 Ο
1332 645 1381 690 N
1424 645 1484 692 V.

385 727 500 774 Ὀτι
517 725 667 789 μόνος
689 725 716 773 ὁ
739 725 886 789 σοφὸς
905 728 1182 792 ἐλεύθερος,
1205 731 1291 781 καὶ
1317 738 1410 791 πᾶς
1430 735 1591 798 ἄφρων
1614 735 1801 796 δοῦλος.

393 819 559 867 Solum
578 820 844 882 sapientem
863 835 967 868 ene
989 821 1200 882 liborum,
1226 831 1273 872 ct
1292 841 1475 876 omnem
1494 828 1695 878 'mltum
1716 845 1921 880 emam.

282 917 334 976 Ι.
378 921 473 976 33.
509 916 824 974 Laudetur
848 936 990 977 vero
1018 919 1115 978 hic
1138 921 1485 1000 Imperator,
1508 938 1611 984 aut
1638 927 1817 986 etiam
1846 931 2111 1009 appelle-

203 1022 318 1080 tur,
349 1023 454 1068 aut
479 1011 592 1070 hoc
624 1012 867 1070 nomine
895 1012 1110 1092 dignus
1143 1029 1405 1094 putetur.
1487 1021 1631 1092 Quo
1664 1023 1847 1084 modo
1882 1037 1981 1084 aut
2012 1026 2112 1086 cui

201 1105 450 1163 tandem
476 1106 572 1164 hic
600 1106 788 1164 libero
814 1107 1149 1186 imperabit,
1178 1111 1280 1188 qui
1308 1133 1427 1171 non
1458 1127 1657 1192 potest
1690 1118 2112 1196 cupiditatibus

200 1201 326 1257 suis
358 1200 654 1278 imperare
678 1201 702 1259 ‘3
793 1201 1087 1261 Refrenet
1119 1205 1379 1283 primum
1412 1208 1707 1280 libidines,
1742 1227 1983 1290 spernat
2010 1235 2111 1272 vo-

199 1296 479 1403 luptates,
521 1295 895 1354 iracundiam
939 1309 1156 1369 teneat,
1199 1315 1475 1360 coerceat
1520 1305 1847 1375 avaritiam,
1882 1320 2113 1365 ceteras

199 1389 384 1448 animi
418 1391 586 1450 labes
625 1391 911 1469 repellatz
966 1405 1094 1450 tum
1129 1394 1373 1472 incipiat
1412 1397 1543 1454 aliis
1584 1397 1897 1482 imperare,
1926 1419 2113 1477 quum
2140 1427 2148 1434 ·

187 1484 332 1562 ‘ipse
354 1473 800 1563 improbissimis
822 1487 1095 1557 dominis,
1119 1488 1409 1548 dedecori
1429 1509 1499 1548 ac
1526 1491 1881 1568 turpitudini
1900 1513 2112 1571 parere

185 1573 464 1660 ‘'desierit.
544 1579 708 1638 Dum
729 1581 974 1658 quidem
999 1581 1092 1642 his
1123 1581 1385 1652 obediet,
1403 1603 1529 1642 non
1554 1584 1737 1644 modo
1758 1586 2111 1666 Imperator,

198 1674 306 1732 sed
337 1673 492 1732 liber
516 1675 826 1734 habendus
861 1677 1101 1735 omnino
1133 1697 1254 1736 non
1288 1678 1414 1737 erit.
1497 1679 1801 1739 Praeclare
1832 1683 1993 1740 enim
2020 1695 2114 1744 est

193 1770 316 1827 hoc
345 1781 691 1848 usurpatum
719 1789 754 1828 a
781 1770 1157 1841 doctissimis,
1186 1788 1445 1849 quorum
1472 1793 1587 1852 ego
1614 1777 1961 1836 auctoritate
1988 1797 2113 1838 non

196 1878 424 1934 uterer,
457 1863 508 1922 si
541 1865 686 1922 mihi
721 1864 880 1943 apud
915 1865 1142 1942 aliquos
1183 1880 1453 1946 agrestes
1484 1869 1613 1928 haec
1646 1871 1921 1930 habenda
1952 1885 2113 1934 esset

199 1960 430 2019 oratio:
479 1980 555 2036 qu
563 1979 660 2018 um
706 1979 848 2018 vero
899 1960 1058 2038 apud
1099 1961 1589 2040 prudentissimos
1634 1965 1861 2043 loquar,
1896 1967 2111 2044 quibus

194 2055 332 2112 haec
353 2052 621 2112 inaudita
647 2073 765 2112 non
793 2066 947 2124 sunt,
970 2074 1079 2112 cur
1105 2075 1220 2132 ego
1249 2055 1543 2126 simulem,
1565 2077 1681 2128 me,
1702 2059 1917 2136 siquid
1939 2061 1999 2119 in
2016 2062 2110 2120 his

196 2149 412 2209 studiis
436 2169 634 2227 operae
657 2148 977 2230 posuerim,
997 2149 1327 2228 perdidisse
1347 2151 1371 2210 ‘l
1452 2150 1701 2210 Dictum
1724 2165 1813 2212 est
1832 2153 2013 2230 igitur
2034 2155 2111 2214 ab

197 2243 612 2303 eruditissimis
639 2242 797 2314 viris,
825 2244 940 2302 nisi
967 2243 1319 2322 sapientem,
1346 2245 1603 2302 liberum
1632 2264 1763 2304 esse
1792 2247 2111 2306 neminem.

198 2345 297 2398 34.
342 2339 512 2412 Quid
547 2351 635 2396 est
677 2339 837 2396 enim
870 2325 1158 2398 libertas?
1239 2339 1515 2398 Potestas
1554 2340 1809 2412 vivendi,
1842 2353 1911 2400 ut
1948 2341 2112 2404 velis.

198 2435 360 2506 Quis
382 2434 565 2512 igitur
581 2434 740 2504 vivit,
761 2447 824 2492 ut
845 2435 986 2504 vult,
1011 2433 1126 2493 nisi
1148 2434 1251 2511 qui
1272 2447 1437 2493 recta
1462 2434 1746 2512 sequitur,
1766 2436 1872 2514 qui
1890 2436 2113 2514 gaudet

197 2529 416 2601 officio,
447 2531 542 2588 cui
568 2527 808 2588 vivendi
835 2529 930 2588 via
963 2529 1331 2590 considerata
1363 2543 1540 2608 atque
1566 2530 1805 2610 provisa
1830 2534 1964 2593 est‘l
2008 2533 2113 2610 qui

188 2625 438 2704 'legibus
459 2623 698 2702 quidem
721 2643 840 2682 non
861 2637 1107 2702 propter
1126 2637 1353 2684 metum
1374 2637 1562 2704 paret,
1582 2626 1691 2686 sed
1712 2647 1813 2686 eas
1840 2627 2113 2705 sequitur

187 2723 390 2798 'atque
412 2718 572 2788 colit,
590 2718 729 2796 quia
748 2717 810 2775 id
833 2719 1086 2776 salutare
1106 2719 1371 2778 maxime
1392 2739 1523 2781 esse
1538 2721 1799 2798 judicat:
1835 2722 1939 2800 qui
1959 2721 2111 2780 nihil

199 2803 363 2881 didit,
409 2813 549 2871 nihil
585 2813 741 2883 facit,
785 2812 932 2871 nihil
981 2813 1200 2890 cogitat
1246 2813 1527 2892 denique,
1570 2814 1686 2872 nisi
1727 2813 1986 2874 libenter
2038 2834 2112 2873 ac

193 2910 432 2968 libere.
469 2909 638 2986 cujus
667 2901 867 2966 omnia
891 2908 1154 2978 consilia,
1176 2928 1391 2985 resque
1417 2923 1643 2976 omnes,
1666 2925 1809 2982 quas
1838 2906 2011 2982 gerit,
2036 2909 2109 2966 ab

149 3007 164 3022 ‘
197 3005 336 3082 ipso
355 3002 829 3083 proficiscuntur,
847 3002 1182 3080 eodemque
1204 3001 1573 3060 referuntur:
1608 3019 1722 3058 nec
1744 3011 1833 3058 est
1853 3001 1975 3062 ulla
1993 3019 2108 3072 res,

197 3121 334 3176 quae
369 3100 506 3178 plus
547 3097 708 3205 epu-d
741 3118 880 3156 eum
919 3099 1159 3176 polleat,
1190 3115 1369 3173 quam
1401 3095 1587 3172 ipsius
1620 3094 1889 3152 voluntas
1932 3105 2111 3170 atque

191 3189 536 3274 judicium.
581 3193 678 3252 cui
707 3192 948 3270 quidem
984 3190 1178 3256 etiam,
1210 3209 1343 3265 quae
1377 3187 1497 3245 vim
1529 3185 1751 3244 habere
1792 3187 2110 3248 maximam

123 3279 132 3283 ’
198 3288 438 3356 dicitur,
476 3287 742 3346 Fortuna
783 3287 915 3366 ipsa
961 3282 1155 3341 cedit:
1215 3281 1373 3340 sicut
1418 3280 1653 3358 sapiens
1698 3294 1879 3360 poeta
1920 3282 2107 3356 dixin

200 3385 349 3442 Suis
376 3401 446 3440 ea
471 3381 942 3460 cuiquefingitur
967 3377 1234 3436 moribus.
1317 3373 1445 3434 Soli
1470 3375 1656 3455 igitur
1679 3377 1795 3436 hoc
1824 3378 2111 3458 contingit

195 3460 474 3558 sapienti,
504 3490 571 3537 nt
601 3477 750 3534 nihil
778 3475 955 3534 faciat
986 3472 1217 3542 invitus,
1244 3471 1392 3530 nihil
1418 3471 1646 3542 dolens,
1672 3473 1818 3531 nihil
1854 3486 2111 3532 coactus.

197 3579 298 3632 35.
336 3572 524 3646 Quod
559 3573 670 3632 etsi
695 3560 779 3632 ita
811 3591 942 3630 esse
987 3567 1260 3649 pluribus
1294 3567 1491 3625 verbis
1525 3567 1936 3626 disserendum
1978 3579 2069 3625 est
2092 3589 2111 3627 ι

191 3667 354 3728 illud
389 3679 588 3725 tamen
631 3679 692 3726 et
721 3667 906 3729 breve
947 3677 1010 3726 et
1049 3659 1453 3723 confitendum
1493 3673 1597 3730 est,
1630 3660 1745 3718 nisi
1778 3660 1880 3742 qui
1914 3660 1997 3745 ita
2034 3661 2113 3719 sit

197 3763 469 3868 affectus,
495 3761 755 3822 liberum
787 3781 922 3822 esse
953 3758 1268 3823 neminem.
1296 3753 1523 3816 Servi
1548 3753 1733 3834 igitur
1760 3773 1969 3815 omnes
2002 3754 2109 3814 im·

1762 3837 1829 3848 .ο..
