<?xml version="1.0" encoding="UTF-8"?>
<!DOCTYPE html PUBLIC "-//W3C//DTD XHTML 1.0 Transitional//EN"
    "http://www.w3.org/TR/xhtml1/DTD/xhtml1-transitional.dtd">
<html xmlns="http://www.w3.org/1999/xhtml" xml:lang="en" lang="en">
 <head>
  <title>
</title>
<meta http-equiv="Content-Type" content="text/html;charset=utf-8" />
  <meta name='ocr-system' content='tesseract 3.04.00' />
  <meta name='ocr-capabilities' content='ocr_page ocr_carea ocr_par ocr_line ocrx_word'/>
</head>
<body>
  <div class='ocr_page' id='page_1' title='image "./desenectutedeam02anthgoog_0106.png"; bbox 0 0 2525 4409; ppageno 0'>
   <div class='ocr_carea' id='block_1_1' title="bbox 432 367 1642 424">
    <p class='ocr_par' dir='ltr' id='par_1_1' title="bbox 432 367 1642 424">
     <span class='ocr_line' id='line_1_1' title="bbox 432 367 1642 424; baseline -0.003 0"><span class='ocrx_word' id='word_1_1' title='bbox 432 367 519 424; x_wconf 75' lang='lat'><strong>82</strong></span> <span class='ocrx_word' id='word_1_2' title='bbox 968 415 975 421; x_wconf 94' lang='lat'>.</span> <span class='ocrx_word' id='word_1_3' title='bbox 1120 378 1189 422; x_wconf 79' lang='grc' dir='ltr'>ιι.</span> <span class='ocrx_word' id='word_1_4' title='bbox 1222 377 1282 418; x_wconf 76' lang='grc' dir='ltr'><strong>τ.</strong></span> <span class='ocrx_word' id='word_1_5' title='bbox 1315 375 1642 422; x_wconf 67' lang='lat' dir='ltr'><strong>cicazonis</strong></span> 
     </span>
    </p>
   </div>
   <div class='ocr_carea' id='block_1_2' title="bbox 358 507 2347 1255">
    <p class='ocr_par' dir='ltr' id='par_1_2' title="bbox 358 507 2347 1255">
     <span class='ocr_line' id='line_1_2' title="bbox 437 507 2342 587; baseline -0.001 -15"><span class='ocrx_word' id='word_1_6' title='bbox 437 531 567 572; x_wconf 82' lang='lat' dir='ltr'>ses:</span> <span class='ocrx_word' id='word_1_7' title='bbox 622 522 747 568; x_wconf 79' lang='lat' dir='ltr'><strong>tu&#39;m</strong></span> <span class='ocrx_word' id='word_1_8' title='bbox 783 529 899 587; x_wconf 83' lang='lat' dir='ltr'><strong>ego</strong></span> <span class='ocrx_word' id='word_1_9' title='bbox 934 507 1233 586; x_wconf 79' lang='lat' dir='ltr'><strong>accepisse</strong></span> <span class='ocrx_word' id='word_1_10' title='bbox 1282 527 1380 566; x_wconf 88' lang='lat' dir='ltr'><strong>me</strong></span> <span class='ocrx_word' id='word_1_11' title='bbox 1413 507 1727 566; x_wconf 84' lang='lat' dir='ltr'><strong>confiterer</strong></span> <span class='ocrx_word' id='word_1_12' title='bbox 1757 507 2052 586; x_wconf 79' lang='lat' dir='ltr'><strong>injuriam.</strong></span> <span class='ocrx_word' id='word_1_13' title='bbox 2136 511 2262 570; x_wconf 91' lang='lat' dir='ltr'><strong>Sed</strong></span> <span class='ocrx_word' id='word_1_14' title='bbox 2293 515 2342 571; x_wconf 86' lang='lat' dir='ltr'><strong>si</strong></span> 
     </span>
     <span class='ocr_line' id='line_1_3' title="bbox 436 601 2346 684; baseline 0.001 -20"><span class='ocrx_word' id='word_1_15' title='bbox 436 607 564 666; x_wconf 76' lang='lat' dir='ltr'><strong>haec</strong></span> <span class='ocrx_word' id='word_1_16' title='bbox 594 625 706 662; x_wconf 85' lang='lat' dir='ltr'><strong>uec</strong></span> <span class='ocrx_word' id='word_1_17' title='bbox 733 603 941 672; x_wconf 84' lang='lat' dir='ltr'><strong>fecisti,</strong></span> <span class='ocrx_word' id='word_1_18' title='bbox 970 623 1081 660; x_wconf 86' lang='lat' dir='ltr'><strong>nec</strong></span> <span class='ocrx_word' id='word_1_19' title='bbox 1102 602 1306 660; x_wconf 78' lang='lat' dir='ltr'><strong>facere</strong></span> <span class='ocrx_word' id='word_1_20' title='bbox 1334 601 1582 682; x_wconf 86' lang='lat' dir='ltr'><strong>potuisti</strong></span> <span class='ocrx_word' id='word_1_21' title='bbox 1605 624 1620 660; x_wconf 74' lang='grc' dir='ltr'><strong>ε</strong></span> <span class='ocrx_word' id='word_1_22' title='bbox 1662 601 1924 661; x_wconf 85' lang='lat' dir='ltr'><strong>reditum</strong></span> <span class='ocrx_word' id='word_1_23' title='bbox 1957 604 2100 662; x_wconf 88' lang='lat' dir='ltr'><strong>mihi</strong></span> <span class='ocrx_word' id='word_1_24' title='bbox 2128 608 2346 684; x_wconf 80' lang='lat' dir='ltr'><strong>glorio-</strong></span> 
     </span>
     <span class='ocr_line' id='line_1_4' title="bbox 436 696 2347 780; baseline 0 -20"><span class='ocrx_word' id='word_1_25' title='bbox 436 721 567 760; x_wconf 89' lang='lat' dir='ltr'>sum</span> <span class='ocrx_word' id='word_1_26' title='bbox 589 698 804 778; x_wconf 84' lang='lat' dir='ltr'><strong>injuris.</strong></span> <span class='ocrx_word' id='word_1_27' title='bbox 822 711 924 756; x_wconf 76' lang='lat' dir='ltr'>tus,</span> <span class='ocrx_word' id='word_1_28' title='bbox 944 697 1127 766; x_wconf 83' lang='lat' dir='ltr'><strong>dedit,</strong></span> <span class='ocrx_word' id='word_1_29' title='bbox 1142 715 1262 754; x_wconf 83' lang='lat' dir='ltr'><strong>uon</strong></span> <span class='ocrx_word' id='word_1_30' title='bbox 1284 697 1512 755; x_wconf 88' lang='lat' dir='ltr'><strong>exitum</strong></span> <span class='ocrx_word' id='word_1_31' title='bbox 1531 696 1954 756; x_wconf 76' lang='lat' dir='ltr'><strong>calamitosum.</strong></span> <span class='ocrx_word' id='word_1_32' title='bbox 2033 699 2206 778; x_wconf 80' lang='lat' dir='ltr'><strong>Ergo</strong></span> <span class='ocrx_word' id='word_1_33' title='bbox 2228 723 2347 780; x_wconf 88' lang='lat' dir='ltr'><strong>ego</strong></span> 
     </span>
     <span class='ocr_line' id='line_1_5' title="bbox 438 793 2344 875; baseline -0.001 -19"><span class='ocrx_word' id='word_1_34' title='bbox 438 817 676 875; x_wconf 79' lang='lat' dir='ltr'><strong>semper</strong></span> <span class='ocrx_word' id='word_1_35' title='bbox 702 795 880 864; x_wconf 81' lang='lat' dir='ltr'><strong>civis3</strong></span> <span class='ocrx_word' id='word_1_36' title='bbox 916 807 979 852; x_wconf 89' lang='lat' dir='ltr'><strong>et</strong></span> <span class='ocrx_word' id='word_1_37' title='bbox 1006 805 1133 852; x_wconf 90' lang='lat' dir='ltr'><strong>tum</strong></span> <span class='ocrx_word' id='word_1_38' title='bbox 1156 793 1440 862; x_wconf 70' lang='lat' dir='ltr'><strong>maxime,</strong></span> <span class='ocrx_word' id='word_1_39' title='bbox 1461 812 1648 869; x_wconf 85' lang='lat' dir='ltr'><strong>quum</strong></span> <span class='ocrx_word' id='word_1_40' title='bbox 1669 812 1866 850; x_wconf 80' lang='lat' dir='ltr'><strong>meam</strong></span> <span class='ocrx_word' id='word_1_41' title='bbox 1892 795 2144 852; x_wconf 81' lang='lat' dir='ltr'>salutem</span> <span class='ocrx_word' id='word_1_42' title='bbox 2172 816 2344 854; x_wconf 85' lang='lat' dir='ltr'>sens.-</span> 
     </span>
     <span class='ocr_line' id='line_1_6' title="bbox 438 885 2345 966; baseline -0.001 -16"><span class='ocrx_word' id='word_1_43' title='bbox 438 905 533 952; x_wconf 88' lang='lat' dir='ltr'>tus</span> <span class='ocrx_word' id='word_1_44' title='bbox 566 891 785 950; x_wconf 82' lang='lat' dir='ltr'><strong>exteris</strong></span> <span class='ocrx_word' id='word_1_45' title='bbox 816 885 1175 962; x_wconf 70' lang='lat' dir='ltr'><strong>ustionibus,</strong></span> <span class='ocrx_word' id='word_1_46' title='bbox 1202 901 1270 948; x_wconf 80' lang='lat' dir='ltr'><strong>ut</strong></span> <span class='ocrx_word' id='word_1_47' title='bbox 1301 887 1446 948; x_wconf 82' lang='lat' dir='ltr'><strong>civis</strong></span> <span class='ocrx_word' id='word_1_48' title='bbox 1479 887 1704 966; x_wconf 78' lang='lat' dir='ltr'><strong>optimi,</strong></span> <span class='ocrx_word' id='word_1_49' title='bbox 1731 887 2187 950; x_wconf 75' lang='lat' dir='ltr'><strong>commendabat</strong></span> <span class='ocrx_word' id='word_1_50' title='bbox 2200 914 2220 961; x_wconf 70' lang='grc' dir='ltr'><strong>,ς</strong></span> <span class='ocrx_word' id='word_1_51' title='bbox 2257 903 2345 960; x_wconf 82' lang='grc' dir='ltr'>ιιι,</span> 
     </span>
     <span class='ocr_line' id='line_1_7' title="bbox 358 981 2344 1064; baseline 0 -19"><span class='ocrx_word' id='word_1_52' title='bbox 358 995 367 1006; x_wconf 88' lang='grc'><strong><em>’</em></strong></span> <span class='ocrx_word' id='word_1_53' title='bbox 438 1005 515 1046; x_wconf 84' lang='lat' dir='ltr'><strong>ne</strong></span> <span class='ocrx_word' id='word_1_54' title='bbox 536 1005 693 1044; x_wconf 85' lang='lat' dir='ltr'><strong>nunc</strong></span> <span class='ocrx_word' id='word_1_55' title='bbox 712 983 988 1064; x_wconf 68' lang='lat' dir='ltr'><strong>quiderm</strong></span> <span class='ocrx_word' id='word_1_56' title='bbox 1021 984 1145 1044; x_wconf 74' lang='lat' dir='ltr'><strong>nisi</strong></span> <span class='ocrx_word' id='word_1_57' title='bbox 1158 983 1316 1042; x_wconf 83' lang='lat' dir='ltr'><strong>forte</strong></span> <span class='ocrx_word' id='word_1_58' title='bbox 1335 982 1498 1042; x_wconf 81' lang='lat' dir='ltr'><strong>idem</strong></span> <span class='ocrx_word' id='word_1_59' title='bbox 1519 1001 1653 1042; x_wconf 84' lang='lat' dir='ltr'>esse</span> <span class='ocrx_word' id='word_1_60' title='bbox 1673 981 1855 1042; x_wconf 85' lang='lat' dir='ltr'>hostis</span> <span class='ocrx_word' id='word_1_61' title='bbox 1881 993 1944 1042; x_wconf 91' lang='lat' dir='ltr'><strong>et</strong></span> <span class='ocrx_word' id='word_1_62' title='bbox 1969 983 2112 1042; x_wconf 80' lang='lat' dir='ltr'><strong>civis</strong></span> <span class='ocrx_word' id='word_1_63' title='bbox 2131 997 2344 1063; x_wconf 85' lang='lat' dir='ltr'><strong>potest.</strong></span> 
     </span>
     <span class='ocr_line' id='line_1_8' title="bbox 436 1075 2346 1157; baseline -0.002 -16"><span class='ocrx_word' id='word_1_64' title='bbox 436 1083 540 1142; x_wconf 86' lang='lat' dir='ltr'><strong>An</strong></span> <span class='ocrx_word' id='word_1_65' title='bbox 564 1095 631 1140; x_wconf 87' lang='lat' dir='ltr'><strong>tu</strong></span> <span class='ocrx_word' id='word_1_66' title='bbox 656 1081 853 1140; x_wconf 83' lang='lat' dir='ltr'><strong>civem</strong></span> <span class='ocrx_word' id='word_1_67' title='bbox 880 1079 957 1140; x_wconf 78' lang='lat' dir='ltr'>sb</span> <span class='ocrx_word' id='word_1_68' title='bbox 977 1080 1145 1138; x_wconf 85' lang='lat' dir='ltr'>hoste</span> <span class='ocrx_word' id='word_1_69' title='bbox 1171 1091 1386 1138; x_wconf 75' lang='lat' dir='ltr'><strong>natum</strong></span> <span class='ocrx_word' id='word_1_70' title='bbox 1411 1097 1482 1138; x_wconf 79' lang='lat' dir='ltr'>sc</span> <span class='ocrx_word' id='word_1_71' title='bbox 1507 1075 1662 1148; x_wconf 81' lang='lat' dir='ltr'><strong>loco,</strong></span> <span class='ocrx_word' id='word_1_72' title='bbox 1681 1097 1801 1136; x_wconf 79' lang='lat' dir='ltr'><strong>uon</strong></span> <span class='ocrx_word' id='word_1_73' title='bbox 1827 1077 2026 1138; x_wconf 76' lang='lat' dir='ltr'><strong>auimo</strong></span> <span class='ocrx_word' id='word_1_74' title='bbox 2049 1077 2346 1157; x_wconf 75' lang='lat' dir='ltr'><strong>factisque</strong></span> 
     </span>
     <span class='ocr_line' id='line_1_9' title="bbox 424 1176 795 1255; baseline 0.003 -21"><span class='ocrx_word' id='word_1_75' title='bbox 424 1176 751 1255; x_wconf 76' lang='lat' dir='ltr'><strong>distinguis</strong></span> <span class='ocrx_word' id='word_1_76' title='bbox 770 1177 795 1235; x_wconf 68' lang='grc' dir='ltr'><strong>’ἱ</strong></span> 
     </span>
    </p>
   </div>
   <div class='ocr_carea' id='block_1_3' title="bbox 418 1361 2348 3807">
    <p class='ocr_par' dir='ltr' id='par_1_3' title="bbox 418 1361 2348 3807">
     <span class='ocr_line' id='line_1_10' title="bbox 514 1361 2348 1443; baseline -0.001 -18"><span class='ocrx_word' id='word_1_77' title='bbox 514 1366 601 1425; x_wconf 86' lang='lat'><strong>11.</strong></span> <span class='ocrx_word' id='word_1_78' title='bbox 636 1371 733 1424; x_wconf 84' lang='lat'><strong>30.</strong></span> <span class='ocrx_word' id='word_1_79' title='bbox 761 1364 1007 1426; x_wconf 63' lang='lat' dir='ltr'><strong>cadem</strong></span> <span class='ocrx_word' id='word_1_80' title='bbox 1028 1365 1087 1422; x_wconf 88' lang='lat' dir='ltr'><strong>in</strong></span> <span class='ocrx_word' id='word_1_81' title='bbox 1110 1363 1241 1422; x_wconf 86' lang='lat' dir='ltr'><strong>foro</strong></span> <span class='ocrx_word' id='word_1_82' title='bbox 1260 1361 1478 1422; x_wconf 76' lang='lat' dir='ltr'><strong>fecisti:</strong></span> <span class='ocrx_word' id='word_1_83' title='bbox 1511 1361 1752 1422; x_wconf 76' lang='lat' dir='ltr'><strong>ermetis</strong></span> <span class='ocrx_word' id='word_1_84' title='bbox 1772 1362 2097 1422; x_wconf 71' lang='lat' dir='ltr'><strong>latronibus</strong></span> <span class='ocrx_word' id='word_1_85' title='bbox 2117 1367 2348 1443; x_wconf 75' lang='lat' dir='ltr'>templs.</span> 
     </span>
     <span class='ocr_line' id='line_1_11' title="bbox 438 1458 2348 1540; baseline -0.001 -20"><span class='ocrx_word' id='word_1_86' title='bbox 438 1461 677 1520; x_wconf 75' lang='lat' dir='ltr'><strong>tenuisti</strong></span> <span class='ocrx_word' id='word_1_87' title='bbox 693 1485 711 1520; x_wconf 73' lang='grc' dir='ltr'>ι</span> <span class='ocrx_word' id='word_1_88' title='bbox 744 1461 1108 1540; x_wconf 72' lang='lat' dir='ltr'><strong>privstorum</strong></span> <span class='ocrx_word' id='word_1_89' title='bbox 1138 1459 1366 1528; x_wconf 81' lang='lat' dir='ltr'><strong>domos,</strong></span> <span class='ocrx_word' id='word_1_90' title='bbox 1387 1458 1550 1517; x_wconf 72' lang='lat' dir='ltr'>aedes</span> <span class='ocrx_word' id='word_1_91' title='bbox 1575 1477 1774 1518; x_wconf 74' lang='lat' dir='ltr'>sacras</span> <span class='ocrx_word' id='word_1_92' title='bbox 1800 1458 2129 1518; x_wconf 82' lang='lat' dir='ltr'><strong>incendisti.</strong></span> <span class='ocrx_word' id='word_1_93' title='bbox 2213 1459 2348 1519; x_wconf 84' lang='lat' dir='ltr'><strong>Cur</strong></span> 
     </span>
     <span class='ocr_line' id='line_1_12' title="bbox 436 1551 2343 1635; baseline -0.001 -19"><span class='ocrx_word' id='word_1_94' title='bbox 436 1557 617 1616; x_wconf 83' lang='lat' dir='ltr'><strong>hostis</strong></span> <span class='ocrx_word' id='word_1_95' title='bbox 644 1557 987 1635; x_wconf 67' lang='lat' dir='ltr'><strong>Spartacus,</strong></span> <span class='ocrx_word' id='word_1_96' title='bbox 1016 1555 1069 1614; x_wconf 86' lang='lat' dir='ltr'><strong>si</strong></span> <span class='ocrx_word' id='word_1_97' title='bbox 1096 1567 1163 1614; x_wconf 84' lang='lat' dir='ltr'><strong>tu</strong></span> <span class='ocrx_word' id='word_1_98' title='bbox 1190 1553 1380 1612; x_wconf 74' lang='lat' dir='ltr'><strong>civis&#39;l</strong></span> <span class='ocrx_word' id='word_1_99' title='bbox 1459 1551 1646 1612; x_wconf 88' lang='lat' dir='ltr'><strong>Potes</strong></span> <span class='ocrx_word' id='word_1_100' title='bbox 1679 1565 1882 1614; x_wconf 76' lang='lat' dir='ltr'><strong>sutem</strong></span> <span class='ocrx_word' id='word_1_101' title='bbox 1911 1565 1978 1612; x_wconf 86' lang='lat' dir='ltr'><strong>tu</strong></span> <span class='ocrx_word' id='word_1_102' title='bbox 2009 1573 2146 1614; x_wconf 85' lang='lat' dir='ltr'>esse</span> <span class='ocrx_word' id='word_1_103' title='bbox 2179 1554 2343 1624; x_wconf 76' lang='lat' dir='ltr'><strong>civis,</strong></span> 
     </span>
     <span class='ocr_line' id='line_1_13' title="bbox 436 1647 2342 1730; baseline -0.002 -20"><span class='ocrx_word' id='word_1_104' title='bbox 436 1665 687 1730; x_wconf 81' lang='lat' dir='ltr'><strong>propter</strong></span> <span class='ocrx_word' id='word_1_105' title='bbox 702 1671 881 1728; x_wconf 84' lang='lat' dir='ltr'><strong>quem</strong></span> <span class='ocrx_word' id='word_1_106' title='bbox 900 1649 1215 1728; x_wconf 74' lang='lat' dir='ltr'><strong>aliquando</strong></span> <span class='ocrx_word' id='word_1_107' title='bbox 1232 1648 1440 1707; x_wconf 72' lang='lat' dir='ltr'><strong>civitas</strong></span> <span class='ocrx_word' id='word_1_108' title='bbox 1457 1667 1577 1706; x_wconf 87' lang='lat' dir='ltr'><strong>non</strong></span> <span class='ocrx_word' id='word_1_109' title='bbox 1591 1647 1738 1708; x_wconf 59' lang='lat' dir='ltr'><strong>fuiti</strong></span> <span class='ocrx_word' id='word_1_110' title='bbox 1773 1659 1836 1708; x_wconf 86' lang='lat' dir='ltr'><strong>et</strong></span> <span class='ocrx_word' id='word_1_111' title='bbox 1855 1667 1952 1708; x_wconf 84' lang='lat' dir='ltr'><strong>me</strong></span> <span class='ocrx_word' id='word_1_112' title='bbox 1973 1661 2080 1708; x_wconf 84' lang='lat' dir='ltr'><strong>tuo</strong></span> <span class='ocrx_word' id='word_1_113' title='bbox 2097 1649 2342 1708; x_wconf 85' lang='lat' dir='ltr'><strong>nomine</strong></span> 
     </span>
     <span class='ocr_line' id='line_1_14' title="bbox 435 1736 2344 1824; baseline -0.002 -18"><span class='ocrx_word' id='word_1_114' title='bbox 435 1736 723 1824; x_wconf 71' lang='lat' dir='ltr'>appellas,</span> <span class='ocrx_word' id='word_1_115' title='bbox 758 1765 943 1822; x_wconf 87' lang='lat' dir='ltr'><strong>quum</strong></span> <span class='ocrx_word' id='word_1_116' title='bbox 984 1764 1188 1802; x_wconf 85' lang='lat' dir='ltr'><strong>omues</strong></span> <span class='ocrx_word' id='word_1_117' title='bbox 1228 1763 1365 1802; x_wconf 83' lang='lat' dir='ltr'><strong>meo</strong></span> <span class='ocrx_word' id='word_1_118' title='bbox 1406 1742 1668 1802; x_wconf 85' lang='lat' dir='ltr'>discessu</span> <span class='ocrx_word' id='word_1_119' title='bbox 1711 1744 2020 1802; x_wconf 61' lang='lat' dir='ltr'>exsulasse</span> <span class='ocrx_word' id='word_1_120' title='bbox 2057 1745 2344 1822; x_wconf 81' lang='lat' dir='ltr'><strong>rempub·</strong></span> 
     </span>
     <span class='ocr_line' id='line_1_15' title="bbox 437 1836 2346 1918; baseline 0 -22"><span class='ocrx_word' id='word_1_121' title='bbox 437 1840 617 1897; x_wconf 75' lang='lat' dir='ltr'><strong>licam</strong></span> <span class='ocrx_word' id='word_1_122' title='bbox 656 1838 905 1916; x_wconf 67' lang='lat' dir='ltr'><strong>putent!</strong></span> <span class='ocrx_word' id='word_1_123' title='bbox 998 1838 1634 1914; x_wconf 73' lang='lat' dir='ltr'><strong>Nunquamne,.homo</strong></span> <span class='ocrx_word' id='word_1_124' title='bbox 1673 1836 2094 1918; x_wconf 65' lang='lat' dir='ltr'><strong>amestissime‚</strong></span> <span class='ocrx_word' id='word_1_125' title='bbox 2128 1849 2190 1898; x_wconf 88' lang='lat' dir='ltr'><strong>te</strong></span> <span class='ocrx_word' id='word_1_126' title='bbox 2231 1839 2346 1898; x_wconf 87' lang='lat' dir='ltr'><strong>cir-</strong></span> 
     </span>
     <span class='ocr_line' id='line_1_16' title="bbox 438 1931 2346 2010; baseline 0.002 -20"><span class='ocrx_word' id='word_1_127' title='bbox 438 1931 837 2010; x_wconf 67' lang='lat' dir='ltr'><strong>cumpicies&#39;i</strong></span> <span class='ocrx_word' id='word_1_128' title='bbox 882 1951 1203 2008; x_wconf 65' lang='lat' dir='ltr'><strong>nunquam,</strong></span> <span class='ocrx_word' id='word_1_129' title='bbox 1228 1952 1342 1990; x_wconf 83' lang='lat' dir='ltr'><strong>nec</strong></span> <span class='ocrx_word' id='word_1_130' title='bbox 1375 1932 1520 2010; x_wconf 88' lang='lat' dir='ltr'><strong>quid</strong></span> <span class='ocrx_word' id='word_1_131' title='bbox 1545 1931 1748 2002; x_wconf 72' lang='lat' dir='ltr'><strong>facias,</strong></span> <span class='ocrx_word' id='word_1_132' title='bbox 1775 1932 2194 2002; x_wconf 75' lang='lat' dir='ltr'><strong>considerabis,</strong></span> <span class='ocrx_word' id='word_1_133' title='bbox 2221 1953 2346 1994; x_wconf 80' lang='lat' dir='ltr'><strong>nec</strong></span> 
     </span>
     <span class='ocr_line' id='line_1_17' title="bbox 438 2026 2344 2105; baseline 0.001 -20"><span class='ocrx_word' id='word_1_134' title='bbox 438 2026 585 2104; x_wconf 88' lang='lat' dir='ltr'><strong>quid</strong></span> <span class='ocrx_word' id='word_1_135' title='bbox 610 2028 853 2104; x_wconf 78' lang='lat' dir='ltr'><strong>loquere</strong></span> <span class='ocrx_word' id='word_1_136' title='bbox 872 2027 913 2088; x_wconf 54' lang='grc' dir='ltr'><strong>Ἰν</strong></span> <span class='ocrx_word' id='word_1_137' title='bbox 978 2026 1207 2097; x_wconf 85' lang='lat' dir='ltr'>Nescis,</span> <span class='ocrx_word' id='word_1_138' title='bbox 1238 2027 1520 2086; x_wconf 74' lang='lat' dir='ltr'>exsilium</span> <span class='ocrx_word' id='word_1_139' title='bbox 1559 2027 1852 2086; x_wconf 85' lang='lat' dir='ltr'>scelerum</span> <span class='ocrx_word' id='word_1_140' title='bbox 1891 2047 2024 2086; x_wconf 86' lang='lat' dir='ltr'>esse</span> <span class='ocrx_word' id='word_1_141' title='bbox 2057 2029 2344 2105; x_wconf 66' lang='lat' dir='ltr'><strong>poensm‘l</strong></span> 
     </span>
     <span class='ocr_line' id='line_1_18' title="bbox 436 2121 2346 2202; baseline 0 -20"><span class='ocrx_word' id='word_1_142' title='bbox 436 2142 643 2182; x_wconf 85' lang='lat' dir='ltr'><strong>meum</strong></span> <span class='ocrx_word' id='word_1_143' title='bbox 674 2121 821 2181; x_wconf 88' lang='lat' dir='ltr'><strong>illud</strong></span> <span class='ocrx_word' id='word_1_144' title='bbox 850 2122 969 2181; x_wconf 86' lang='lat' dir='ltr'><strong>iter</strong></span> <span class='ocrx_word' id='word_1_145' title='bbox 1001 2121 1079 2182; x_wconf 89' lang='lat' dir='ltr'><strong>ob</strong></span> <span class='ocrx_word' id='word_1_146' title='bbox 1112 2121 1598 2202; x_wconf 63' lang='lat' dir='ltr'><strong>praeclarissimas</strong></span> <span class='ocrx_word' id='word_1_147' title='bbox 1636 2142 1734 2181; x_wconf 87' lang='lat' dir='ltr'><strong>res</strong></span> <span class='ocrx_word' id='word_1_148' title='bbox 1769 2142 1805 2180; x_wconf 82' lang='lat' dir='ltr'><strong>s.</strong></span> <span class='ocrx_word' id='word_1_149' title='bbox 1834 2142 1934 2180; x_wconf 84' lang='lat' dir='ltr'><strong>me</strong></span> <span class='ocrx_word' id='word_1_150' title='bbox 1973 2134 2171 2200; x_wconf 73' lang='lat' dir='ltr'>gestas</span> <span class='ocrx_word' id='word_1_151' title='bbox 2205 2143 2346 2182; x_wconf 86' lang='lat' dir='ltr'>esse</span> 
     </span>
     <span class='ocr_line' id='line_1_19' title="bbox 434 2216 2346 2298; baseline -0.001 -20"><span class='ocrx_word' id='word_1_152' title='bbox 434 2218 824 2298; x_wconf 60' lang='lat' dir='ltr'><strong>susceptum?</strong></span> <span class='ocrx_word' id='word_1_153' title='bbox 904 2223 1002 2278; x_wconf 85' lang='lat'><strong>31.</strong></span> <span class='ocrx_word' id='word_1_154' title='bbox 1030 2216 1257 2276; x_wconf 85' lang='lat' dir='ltr'>Omnes</span> <span class='ocrx_word' id='word_1_155' title='bbox 1285 2217 1559 2276; x_wconf 74' lang='lat' dir='ltr'><strong>scelerati</strong></span> <span class='ocrx_word' id='word_1_156' title='bbox 1589 2229 1766 2295; x_wconf 70' lang='lat' dir='ltr'><strong>utque</strong></span> <span class='ocrx_word' id='word_1_157' title='bbox 1787 2216 1976 2296; x_wconf 70' lang='lat' dir='ltr'><strong>impii,</strong></span> <span class='ocrx_word' id='word_1_158' title='bbox 1996 2236 2254 2293; x_wconf 86' lang='lat' dir='ltr'><strong>quorum</strong></span> <span class='ocrx_word' id='word_1_159' title='bbox 2279 2231 2346 2278; x_wconf 88' lang='lat' dir='ltr'><strong>tu</strong></span> 
     </span>
     <span class='ocr_line' id='line_1_20' title="bbox 432 2311 2343 2391; baseline 0 -19"><span class='ocrx_word' id='word_1_160' title='bbox 432 2327 497 2372; x_wconf 90' lang='lat' dir='ltr'><strong>te</strong></span> <span class='ocrx_word' id='word_1_161' title='bbox 530 2315 747 2372; x_wconf 88' lang='lat' dir='ltr'><strong>ducem</strong></span> <span class='ocrx_word' id='word_1_162' title='bbox 782 2333 915 2372; x_wconf 86' lang='lat' dir='ltr'>esse</span> <span class='ocrx_word' id='word_1_163' title='bbox 947 2312 1261 2391; x_wconf 81' lang='lat' dir='ltr'><strong>profiteris,</strong></span> <span class='ocrx_word' id='word_1_164' title='bbox 1291 2333 1442 2390; x_wconf 87' lang='lat' dir='ltr'>quos</span> <span class='ocrx_word' id='word_1_165' title='bbox 1473 2314 1640 2390; x_wconf 85' lang='lat' dir='ltr'>leges</span> <span class='ocrx_word' id='word_1_166' title='bbox 1679 2312 1894 2372; x_wconf 83' lang='lat' dir='ltr'><strong>exsilio</strong></span> <span class='ocrx_word' id='word_1_167' title='bbox 1933 2311 2084 2371; x_wconf 70' lang='lat' dir='ltr'><strong>affici</strong></span> <span class='ocrx_word' id='word_1_168' title='bbox 2116 2313 2343 2382; x_wconf 83' lang='lat' dir='ltr'><strong>volunt,</strong></span> 
     </span>
     <span class='ocr_line' id='line_1_21' title="bbox 436 2405 2344 2484; baseline 0 -18"><span class='ocrx_word' id='word_1_169' title='bbox 436 2410 677 2466; x_wconf 75' lang='lat' dir='ltr'>exsules</span> <span class='ocrx_word' id='word_1_170' title='bbox 720 2419 879 2477; x_wconf 85' lang='lat' dir='ltr'>sunt,</span> <span class='ocrx_word' id='word_1_171' title='bbox 912 2405 1095 2466; x_wconf 77' lang='lat' dir='ltr'><strong>etia‘m</strong></span> <span class='ocrx_word' id='word_1_172' title='bbox 1142 2406 1193 2466; x_wconf 88' lang='lat' dir='ltr'>si</span> <span class='ocrx_word' id='word_1_173' title='bbox 1236 2407 1426 2467; x_wconf 81' lang='lat' dir='ltr'>solum</span> <span class='ocrx_word' id='word_1_174' title='bbox 1469 2426 1588 2466; x_wconf 80' lang='lat' dir='ltr'><strong>nou</strong></span> <span class='ocrx_word' id='word_1_175' title='bbox 1629 2407 1930 2466; x_wconf 77' lang='lat' dir='ltr'><strong>mutarint.</strong></span> <span class='ocrx_word' id='word_1_176' title='bbox 2017 2408 2116 2466; x_wconf 83' lang='lat' dir='ltr'><strong>An</strong></span> <span class='ocrx_word' id='word_1_177' title='bbox 2159 2427 2344 2484; x_wconf 87' lang='lat' dir='ltr'><strong>quum</strong></span> 
     </span>
     <span class='ocr_line' id='line_1_22' title="bbox 438 2502 2343 2582; baseline 0.001 -22"><span class='ocrx_word' id='word_1_178' title='bbox 438 2522 647 2560; x_wconf 84' lang='lat' dir='ltr'><strong>omnes</strong></span> <span class='ocrx_word' id='word_1_179' title='bbox 678 2503 845 2578; x_wconf 87' lang='lat' dir='ltr'>leges</span> <span class='ocrx_word' id='word_1_180' title='bbox 880 2514 939 2559; x_wconf 89' lang='lat' dir='ltr'><strong>te</strong></span> <span class='ocrx_word' id='word_1_181' title='bbox 970 2503 1236 2560; x_wconf 81' lang='lat' dir='ltr'>exsulem</span> <span class='ocrx_word' id='word_1_182' title='bbox 1269 2523 1404 2561; x_wconf 85' lang='lat' dir='ltr'>esse</span> <span class='ocrx_word' id='word_1_183' title='bbox 1428 2504 1702 2582; x_wconf 67' lang='lat' dir='ltr'><strong>jubeant,</strong></span> <span class='ocrx_word' id='word_1_184' title='bbox 1727 2523 1848 2561; x_wconf 86' lang='lat' dir='ltr'><strong>non</strong></span> <span class='ocrx_word' id='word_1_185' title='bbox 1883 2502 2000 2561; x_wconf 81' lang='lat' dir='ltr'><strong>cris</strong></span> <span class='ocrx_word' id='word_1_186' title='bbox 2031 2515 2094 2560; x_wconf 88' lang='lat' dir='ltr'><strong>tu</strong></span> <span class='ocrx_word' id='word_1_187' title='bbox 2121 2503 2343 2562; x_wconf 67' lang='lat' dir='ltr'>exsul?</span> 
     </span>
     <span class='ocr_line' id='line_1_23' title="bbox 436 2595 2345 2674; baseline 0.002 -19"><span class='ocrx_word' id='word_1_188' title='bbox 436 2595 603 2655; x_wconf 86' lang='lat' dir='ltr'>Exul</span> <span class='ocrx_word' id='word_1_189' title='bbox 630 2615 749 2652; x_wconf 84' lang='lat' dir='ltr'><strong>non</strong></span> <span class='ocrx_word' id='word_1_190' title='bbox 784 2597 1119 2674; x_wconf 77' lang='lat' dir='ltr'>appelletur</span> <span class='ocrx_word' id='word_1_191' title='bbox 1145 2597 1213 2664; x_wconf 88' lang='lat' dir='ltr'>is,</span> <span class='ocrx_word' id='word_1_192' title='bbox 1240 2597 1346 2674; x_wconf 87' lang='lat' dir='ltr'><strong>qui</strong></span> <span class='ocrx_word' id='word_1_193' title='bbox 1375 2617 1511 2656; x_wconf 85' lang='lat' dir='ltr'><strong>cum</strong></span> <span class='ocrx_word' id='word_1_194' title='bbox 1539 2599 1660 2656; x_wconf 87' lang='lat' dir='ltr'><strong>telo</strong></span> <span class='ocrx_word' id='word_1_195' title='bbox 1685 2597 1908 2658; x_wconf 61' lang='lat' dir='ltr'><strong>fueriti</strong></span> <span class='ocrx_word' id='word_1_196' title='bbox 1987 2599 2148 2658; x_wconf 84' lang='lat' dir='ltr'>Ante</span> <span class='ocrx_word' id='word_1_197' title='bbox 2173 2618 2345 2658; x_wconf 75' lang='lat' dir='ltr'>senu-</span> 
     </span>
     <span class='ocr_line' id='line_1_24' title="bbox 422 2689 2345 2768; baseline 0.003 -20"><span class='ocrx_word' id='word_1_198' title='bbox 422 2701 564 2748; x_wconf 89' lang='lat' dir='ltr'><strong>.tum</strong></span> <span class='ocrx_word' id='word_1_199' title='bbox 604 2701 709 2748; x_wconf 74' lang='lat' dir='ltr'>tus</span> <span class='ocrx_word' id='word_1_200' title='bbox 747 2689 868 2748; x_wconf 84' lang='lat' dir='ltr'>sics</span> <span class='ocrx_word' id='word_1_201' title='bbox 902 2689 1275 2768; x_wconf 75' lang='lat' dir='ltr'><strong>deprehensa</strong></span> <span class='ocrx_word' id='word_1_202' title='bbox 1315 2703 1423 2750; x_wconf 83' lang='lat' dir='ltr'>est.</span> <span class='ocrx_word' id='word_1_203' title='bbox 1503 2691 1645 2763; x_wconf 79' lang='lat' dir='ltr'><strong>Qui</strong></span> <span class='ocrx_word' id='word_1_204' title='bbox 1670 2692 1974 2750; x_wconf 86' lang='lat' dir='ltr'><strong>homiuem</strong></span> <span class='ocrx_word' id='word_1_205' title='bbox 2011 2692 2345 2753; x_wconf 60' lang='lat' dir='ltr'><strong>occiderit?</strong></span> 
     </span>
     <span class='ocr_line' id='line_1_25' title="bbox 441 2783 2345 2863; baseline 0.003 -22"><span class='ocrx_word' id='word_1_206' title='bbox 441 2783 537 2842; x_wconf 84' lang='lat' dir='ltr'><strong>Tu</strong></span> <span class='ocrx_word' id='word_1_207' title='bbox 581 2784 869 2863; x_wconf 77' lang='lat' dir='ltr'><strong>plurimos</strong></span> <span class='ocrx_word' id='word_1_208' title='bbox 908 2784 1187 2844; x_wconf 87' lang='lat' dir='ltr'><strong>occidisti.</strong></span> <span class='ocrx_word' id='word_1_209' title='bbox 1269 2785 1399 2857; x_wconf 82' lang='lat' dir='ltr'><strong>Qui</strong></span> <span class='ocrx_word' id='word_1_210' title='bbox 1431 2786 1776 2846; x_wconf 78' lang='lat' dir='ltr'><strong>incendium</strong></span> <span class='ocrx_word' id='word_1_211' title='bbox 1817 2786 2080 2846; x_wconf 70' lang='lat' dir='ltr'><strong>fecerit?</strong></span> <span class='ocrx_word' id='word_1_212' title='bbox 2147 2787 2345 2846; x_wconf 85' lang='lat' dir='ltr'>AEdes</span> 
     </span>
     <span class='ocr_line' id='line_1_26' title="bbox 434 2877 2344 2961; baseline 0.002 -23"><span class='ocrx_word' id='word_1_213' title='bbox 434 2877 855 2958; x_wconf 76' lang='lat' dir='ltr'><strong>Nympharum</strong></span> <span class='ocrx_word' id='word_1_214' title='bbox 903 2899 1085 2939; x_wconf 79' lang='lat' dir='ltr'><strong>manu</strong></span> <span class='ocrx_word' id='word_1_215' title='bbox 1124 2893 1229 2940; x_wconf 80' lang='lat' dir='ltr'>tus</span> <span class='ocrx_word' id='word_1_216' title='bbox 1265 2880 1627 2958; x_wconf 71' lang='lat' dir='ltr'><strong>deflagravit.</strong></span> <span class='ocrx_word' id='word_1_217' title='bbox 1725 2881 1854 2954; x_wconf 82' lang='lat' dir='ltr'><strong>Qui</strong></span> <span class='ocrx_word' id='word_1_218' title='bbox 1893 2883 2120 2961; x_wconf 80' lang='lat' dir='ltr'><strong>templs.</strong></span> <span class='ocrx_word' id='word_1_219' title='bbox 2165 2903 2344 2942; x_wconf 85' lang='lat' dir='ltr'><strong>occu-</strong></span> 
     </span>
     <span class='ocr_line' id='line_1_27' title="bbox 429 2975 2345 3056; baseline 0.002 -22"><span class='ocrx_word' id='word_1_220' title='bbox 429 2975 715 3053; x_wconf 61' lang='lat' dir='ltr'><strong>paverit?</strong></span> <span class='ocrx_word' id='word_1_221' title='bbox 818 2975 891 3034; x_wconf 81' lang='lat' dir='ltr'><strong>Iu</strong></span> <span class='ocrx_word' id='word_1_222' title='bbox 938 2975 1071 3034; x_wconf 87' lang='lat' dir='ltr'><strong>foro</strong></span> <span class='ocrx_word' id='word_1_223' title='bbox 1117 2989 1309 3034; x_wconf 76' lang='lat' dir='ltr'>csstm</span> <span class='ocrx_word' id='word_1_224' title='bbox 1349 2975 1618 3054; x_wconf 86' lang='lat' dir='ltr'><strong>posuisti.</strong></span> <span class='ocrx_word' id='word_1_225' title='bbox 1717 2981 1814 3036; x_wconf 84' lang='lat'><strong>32.</strong></span> <span class='ocrx_word' id='word_1_226' title='bbox 1863 2977 1990 3036; x_wconf 87' lang='lat' dir='ltr'><strong>Sed</strong></span> <span class='ocrx_word' id='word_1_227' title='bbox 2033 2977 2180 3056; x_wconf 89' lang='lat' dir='ltr'><strong>quid</strong></span> <span class='ocrx_word' id='word_1_228' title='bbox 2229 2999 2345 3056; x_wconf 80' lang='lat' dir='ltr'><strong>ego</strong></span> 
     </span>
     <span class='ocr_line' id='line_1_28' title="bbox 434 3069 2344 3151; baseline 0.001 -23"><span class='ocrx_word' id='word_1_229' title='bbox 434 3087 773 3130; x_wconf 85' lang='lat' dir='ltr'><strong>communes</strong></span> <span class='ocrx_word' id='word_1_230' title='bbox 793 3071 965 3148; x_wconf 76' lang='lat' dir='ltr'>leges</span> <span class='ocrx_word' id='word_1_231' title='bbox 986 3069 1243 3151; x_wconf 88' lang='lat' dir='ltr'><strong>profero,</strong></span> <span class='ocrx_word' id='word_1_232' title='bbox 1265 3070 1478 3148; x_wconf 83' lang='lat' dir='ltr'><strong>quibus</strong></span> <span class='ocrx_word' id='word_1_233' title='bbox 1499 3069 1772 3130; x_wconf 85' lang='lat' dir='ltr'><strong>omnibus</strong></span> <span class='ocrx_word' id='word_1_234' title='bbox 1793 3091 1858 3130; x_wconf 90' lang='lat' dir='ltr'><strong>es</strong></span> <span class='ocrx_word' id='word_1_235' title='bbox 1879 3070 2081 3149; x_wconf 68' lang='lat' dir='ltr'>exsul?</span> <span class='ocrx_word' id='word_1_236' title='bbox 2145 3071 2344 3132; x_wconf 74' lang='lat' dir='ltr'><strong>Femi-</strong></span> 
     </span>
     <span class='ocr_line' id='line_1_29' title="bbox 418 3164 2347 3245; baseline 0.001 -21"><span class='ocrx_word' id='word_1_237' title='bbox 418 3164 777 3224; x_wconf 80' lang='lat' dir='ltr'>.lis.rissimus</span> <span class='ocrx_word' id='word_1_238' title='bbox 809 3179 945 3226; x_wconf 86' lang='lat' dir='ltr'>tuus</span> <span class='ocrx_word' id='word_1_239' title='bbox 973 3165 1051 3224; x_wconf 92' lang='lat' dir='ltr'><strong>de</strong></span> <span class='ocrx_word' id='word_1_240' title='bbox 1084 3177 1143 3224; x_wconf 88' lang='lat' dir='ltr'><strong>te</strong></span> <span class='ocrx_word' id='word_1_241' title='bbox 1177 3165 1556 3244; x_wconf 81' lang='lat' dir='ltr'><strong>privileg-ium</strong></span> <span class='ocrx_word' id='word_1_242' title='bbox 1587 3165 1740 3236; x_wconf 83' lang='lat' dir='ltr'><strong>tulit,</strong></span> <span class='ocrx_word' id='word_1_243' title='bbox 1767 3179 1854 3237; x_wconf 88' lang='lat' dir='ltr'><strong>ut,</strong></span> <span class='ocrx_word' id='word_1_244' title='bbox 1887 3167 1940 3225; x_wconf 89' lang='lat' dir='ltr'>si</span> <span class='ocrx_word' id='word_1_245' title='bbox 1968 3165 2030 3224; x_wconf 86' lang='lat' dir='ltr'><strong>in</strong></span> <span class='ocrx_word' id='word_1_246' title='bbox 2063 3179 2347 3245; x_wconf 85' lang='lat' dir='ltr'><strong>opertum</strong></span> 
     </span>
     <span class='ocr_line' id='line_1_30' title="bbox 434 3257 2346 3330; baseline 0.003 -14"><span class='ocrx_word' id='word_1_247' title='bbox 434 3257 620 3316; x_wconf 73' lang='lat' dir='ltr'>Bonae</span> <span class='ocrx_word' id='word_1_248' title='bbox 642 3260 793 3318; x_wconf 76' lang='lat' dir='ltr'><strong>Deae</strong></span> <span class='ocrx_word' id='word_1_249' title='bbox 822 3261 1184 3330; x_wconf 73' lang='lat' dir='ltr'><strong>accessisses,</strong></span> <span class='ocrx_word' id='word_1_250' title='bbox 1212 3261 1534 3320; x_wconf 74' lang='lat' dir='ltr'>exsulsroe.</span> <span class='ocrx_word' id='word_1_251' title='bbox 1613 3262 1700 3318; x_wconf 89' lang='lat' dir='ltr'><strong>At</strong></span> <span class='ocrx_word' id='word_1_252' title='bbox 1726 3273 1787 3320; x_wconf 89' lang='lat' dir='ltr'><strong>te</strong></span> <span class='ocrx_word' id='word_1_253' title='bbox 1813 3261 1875 3319; x_wconf 90' lang='lat' dir='ltr'><strong>id</strong></span> <span class='ocrx_word' id='word_1_254' title='bbox 1901 3261 2134 3330; x_wconf 87' lang='lat' dir='ltr'>fecisse,</span> <span class='ocrx_word' id='word_1_255' title='bbox 2157 3261 2346 3320; x_wconf 78' lang='lat' dir='ltr'><strong>etiam</strong></span> 
     </span>
     <span class='ocr_line' id='line_1_31' title="bbox 436 3349 2346 3434; baseline 0.004 -26"><span class='ocrx_word' id='word_1_256' title='bbox 436 3349 674 3428; x_wconf 76' lang='lat' dir='ltr'><strong>gloriari</strong></span> <span class='ocrx_word' id='word_1_257' title='bbox 714 3354 889 3410; x_wconf 89' lang='lat' dir='ltr'>soles.</span> <span class='ocrx_word' id='word_1_258' title='bbox 977 3354 1300 3426; x_wconf 82' lang='lat' dir='ltr'><strong>Quomodo</strong></span> <span class='ocrx_word' id='word_1_259' title='bbox 1333 3355 1533 3434; x_wconf 78' lang='lat' dir='ltr'><strong>igitur,</strong></span> <span class='ocrx_word' id='word_1_260' title='bbox 1567 3368 1654 3414; x_wconf 89' lang='lat' dir='ltr'><strong>tot</strong></span> <span class='ocrx_word' id='word_1_261' title='bbox 1683 3357 1922 3433; x_wconf 83' lang='lat' dir='ltr'>legibus</span> <span class='ocrx_word' id='word_1_262' title='bbox 1960 3355 2022 3414; x_wconf 86' lang='lat' dir='ltr'><strong>in</strong></span> <span class='ocrx_word' id='word_1_263' title='bbox 2061 3355 2346 3414; x_wconf 78' lang='lat' dir='ltr'><strong>exsilium</strong></span> 
     </span>
     <span class='ocr_line' id='line_1_32' title="bbox 432 3444 2346 3530; baseline 0.003 -26"><span class='ocrx_word' id='word_1_264' title='bbox 432 3444 683 3523; x_wconf 85' lang='lat' dir='ltr'>ejectus,</span> <span class='ocrx_word' id='word_1_265' title='bbox 711 3465 923 3504; x_wconf 85' lang='lat' dir='ltr'><strong>nomen</strong></span> <span class='ocrx_word' id='word_1_266' title='bbox 952 3450 1177 3509; x_wconf 80' lang='lat' dir='ltr'>exsulis</span> <span class='ocrx_word' id='word_1_267' title='bbox 1208 3471 1326 3513; x_wconf 81' lang='lat' dir='ltr'><strong>non</strong></span> <span class='ocrx_word' id='word_1_268' title='bbox 1354 3451 1800 3530; x_wconf 70' lang='lat' dir='ltr'><strong>perhorrescis‘l</strong></span> <span class='ocrx_word' id='word_1_269' title='bbox 1841 3451 2047 3510; x_wconf 75' lang='lat' dir='ltr'><strong>Rom</strong></span> <span class='ocrx_word' id='word_1_270' title='bbox 2079 3471 2228 3521; x_wconf 76' lang='lat' dir='ltr'><strong>eum,</strong></span> <span class='ocrx_word' id='word_1_271' title='bbox 2255 3450 2346 3510; x_wconf 80' lang='lat' dir='ltr'><strong>in-</strong></span> 
     </span>
     <span class='ocr_line' id='line_1_33' title="bbox 432 3539 2346 3623; baseline 0.003 -26"><span class='ocrx_word' id='word_1_272' title='bbox 432 3540 577 3617; x_wconf 89' lang='lat' dir='ltr'><strong>quit.</strong></span> <span class='ocrx_word' id='word_1_273' title='bbox 656 3539 743 3600; x_wconf 84' lang='lat' dir='ltr'><strong>Et</strong></span> <span class='ocrx_word' id='word_1_274' title='bbox 758 3540 1004 3618; x_wconf 85' lang='lat' dir='ltr'><strong>quidem</strong></span> <span class='ocrx_word' id='word_1_275' title='bbox 1024 3543 1087 3601; x_wconf 90' lang='lat' dir='ltr'><strong>in</strong></span> <span class='ocrx_word' id='word_1_276' title='bbox 1108 3542 1317 3623; x_wconf 69' lang='lat' dir='ltr'><strong>operto</strong></span> <span class='ocrx_word' id='word_1_277' title='bbox 1335 3545 1514 3606; x_wconf 81' lang='lat' dir='ltr'><strong>fuisti.</strong></span> <span class='ocrx_word' id='word_1_278' title='bbox 1588 3546 1742 3605; x_wconf 84' lang='lat' dir='ltr'><strong>Non</strong></span> <span class='ocrx_word' id='word_1_279' title='bbox 1762 3545 1944 3623; x_wconf 76' lang='lat' dir='ltr'><strong>igitur</strong></span> <span class='ocrx_word' id='word_1_280' title='bbox 1963 3545 2066 3602; x_wconf 87' lang='lat' dir='ltr'><strong>ubi</strong></span> <span class='ocrx_word' id='word_1_281' title='bbox 2087 3544 2346 3622; x_wconf 86' lang='lat' dir='ltr'><strong>quisque</strong></span> 
     </span>
     <span class='ocr_line' id='line_1_34' title="bbox 427 3634 2346 3719; baseline 0.003 -27"><span class='ocrx_word' id='word_1_282' title='bbox 427 3634 562 3704; x_wconf 86' lang='lat' dir='ltr'><strong>erit,</strong></span> <span class='ocrx_word' id='word_1_283' title='bbox 596 3636 729 3714; x_wconf 88' lang='lat' dir='ltr'>ejus</span> <span class='ocrx_word' id='word_1_284' title='bbox 768 3636 881 3696; x_wconf 87' lang='lat' dir='ltr'><strong>loci</strong></span> <span class='ocrx_word' id='word_1_285' title='bbox 913 3637 1017 3717; x_wconf 86' lang='lat' dir='ltr'><strong>jus</strong></span> <span class='ocrx_word' id='word_1_286' title='bbox 1056 3640 1314 3712; x_wconf 81' lang='lat' dir='ltr'><strong>tenebit3</strong></span> <span class='ocrx_word' id='word_1_287' title='bbox 1369 3641 1424 3700; x_wconf 90' lang='lat' dir='ltr'><strong>si</strong></span> <span class='ocrx_word' id='word_1_288' title='bbox 1456 3640 1540 3700; x_wconf 89' lang='lat' dir='ltr'><strong>ibi</strong></span> <span class='ocrx_word' id='word_1_289' title='bbox 1579 3660 1720 3700; x_wconf 89' lang='lat' dir='ltr'><strong>eum</strong></span> <span class='ocrx_word' id='word_1_290' title='bbox 1758 3640 1990 3719; x_wconf 80' lang='lat' dir='ltr'><strong>legibus</strong></span> <span class='ocrx_word' id='word_1_291' title='bbox 2039 3660 2174 3700; x_wconf 86' lang='lat' dir='ltr'>esse</span> <span class='ocrx_word' id='word_1_292' title='bbox 2221 3656 2346 3698; x_wconf 80' lang='lat' dir='ltr'><strong>non</strong></span> 
     </span>
     <span class='ocr_line' id='line_1_35' title="bbox 424 3731 739 3807; baseline 0.022 -21"><span class='ocrx_word' id='word_1_293' title='bbox 424 3731 739 3807; x_wconf 81' lang='lat' dir='ltr'><strong>oportebit.</strong></span> 
     </span>
    </p>
   </div>
  </div>
 </body>
</html>
