2525 4409
2500 0 2502 61 l

2368 106 2503 321 w

457 428 542 487 28
915 440 983 483 ιι.
1015 438 1076 479 ⁰1¹.
1108 436 1436 481 cicsaoms
1470 434 1637 479 cuo
1674 434 1901 487 nasos,

461 596 528 635 se
569 590 869 651 nunquam
915 569 1212 630 redituras
1257 567 1703 627 arbitrarentur.
1782 565 1969 638 Quod
2002 566 2189 644 igitur
2234 490 2427 687 ado-s}

461 672 772 735 lescentes,
791 679 852 723 et
873 665 914 723 ii
935 664 1174 743 quidem
1197 682 1319 721 non
1340 664 1527 721 solum
1550 660 1789 731 indocti,
1806 660 1915 719 sed
1938 662 2119 720 etiam
2138 609 2411 732 rustici!

459 774 856 829 contemnunt,
883 758 944 817 id
971 758 1128 817 docti
1157 778 1335 815 senes
1362 734 1825 867 extimescent
1874 760 1967 815 76.
2000 756 2285 826 Omnino,
2312 770 2381 815 ut

461 854 602 913 mihi
623 854 864 931 quidem
885 852 1136 921 videtur,
1159 850 1489 910 studiorum
1504 843 1781 907 omnffim
1709 734 2046 909 satietas
2066 850 2209 908 vitoe
2230 850 2379 909 facit

459 948 808 1007 satietatem.
891 948 1041 1005 Sunt
1079 944 1354 1025 pueritioe
1394 957 1559 1003 certa
1596 944 1863 1057 studim
1880 964 2025 1003 num
2066 944 2311 1031 igitur
2290 960 2377 1008 {a

461 1042 804 1103 desiderant
839 1041 1297 1101 adolescentesi
1338 1051 1477 1099 sunt
1508 1053 1573 1098 et
1604 1024 1863 1099 ineuntis
1906 1017 2371 1103 adolescentiae·
2354 1084 2371 1111 ,

459 1158 602 1197 num
639 1158 711 1197 ea
739 1138 868 1217 jam
903 1149 1178 1195 constans
1215 1134 1465 1213 requirit
1502 1148 1665 1205 aetas,
1696 1154 1829 1213 quae
1870 1135 2071 1193 media
2102 1134 2373 1193 dicitur?

461 1246 598 1291 sunt
619 1233 796 1291 etiam
820 1232 1000 1311 hujus
1017 1230 1240 1301 aetatis3
1277 1250 1353 1289 ne
1376 1249 1451 1289 ea
1470 1229 1713 1308 quidem
1736 1242 2082 1307 quaeruntur
2102 1250 2137 1287 a
2156 1250 2373 1289 senec·

460 1341 622 1388 tute:
673 1341 810 1387 sunt
849 1340 1116 1385 extrema
1149 1324 1425 1404 quaedam
1467 1324 1663 1383 studia
1701 1325 2057 1383 senectutis:
2102 1343 2269 1401 ergo,
2306 1338 2374 1406 ut

457 1424 835 1503 superiorum
881 1435 1121 1481 aetatum
1169 1420 1365 1479 studia
1410 1419 1704 1488 occidunt,
1736 1419 1823 1477 sic
1868 1418 2145 1477 occidunt
2184 1420 2390 1504 etiam·

459 1520 795 1579 senectutis.
877 1516 1060 1589 Quod
1095 1536 1232 1575 cum
1274 1514 1490 1585 evenit,
1520 1513 1760 1574 satietas
1795 1513 1933 1573 vitae
1968 1526 2207 1592 tempus
2247 1534 2395 1592 gna-3

463 1626 662 1672 turum
693 1613 896 1673 mortis
927 1613 1108 1671 affert.
2218 1645 2254 1704 l
2284 1649 2296 1662 .
2343 1637 2358 1651 κ

454 1726 598 1753 ‘qq

391 1768 500 2159 L
539 1801 714 1859 XXI.
756 1804 852 1858 77.
885 1798 1190 1876 Equidem
1223 1818 1342 1855 non
1377 1798 1569 1869 video,
1606 1818 1729 1867 cur,
1764 1798 1907 1875 quid
1938 1798 2069 1877 ipse
2110 1798 2371 1857 sentiam

462 1891 500 1947 d

505 1912 539 1947 e
571 1904 776 1960 morte,
799 1909 915 1947 non
945 1890 1197 1947 audeam
1219 1889 1387 1949 vobis
1414 1890 1649 1951 dicere:
1690 1890 1851 1969 quod
1879 1912 1953 1950 eo
1980 1893 2192 1951 melius
2222 1894 2371 1951 mihi

461 2004 706 2043 cernere
741 1984 962 2053 videor,
997 2003 1117 2062 quo
1151 1985 1226 2042 ab
1259 2004 1335 2043 ea
1370 1986 1613 2065 propius
1654 1988 1882 2045 absum.
1962 1987 2097 2064 Ego
2139 2002 2371 2046 vestros

503 2094 674 2150 atres,
694 2080 764 2139 P.
785 2080 1004 2158 Scipio,
1028 2093 1224 2157 tuque,
1249 2080 1318 2137 C.
1342 2081 1510 2149 Laeli,
1528 2081 1681 2139 viros
1700 2082 2073 2149 clarissimos,
2099 2083 2369 2162 mihique

458 2176 864 2247 amicissimos,
890 2176 1100 2235 vivere
1143 2175 1415 2245 arbitror,
1450 2189 1511 2233 et
1552 2196 1685 2235 eam
1720 2176 1963 2253 quidem
1996 2176 2198 2246 vitam,
2231 2200 2369 2256 quae

459 2286 547 2330 est
575 2273 704 2331 sola
727 2272 846 2330 vita
870 2269 1252 2329 nominanda.
1338 2270 1515 2339 Nam,
1545 2270 1688 2329 dum
1716 2291 1917 2329 sumus
1944 2272 2005 2329 in
2032 2272 2124 2329 his
2150 2272 2371 2331 inclusi

393 2360 404 2369 ”
458 2367 840 2443 compagibus
861 2367 1144 2444 corporis,
1165 2385 1412 2423 munere
1425 2366 1689 2441 quodam
1710 2366 2095 2435 necessitatis,
2114 2380 2179 2425 et
2200 2368 2369 2445 gravi

458 2480 638 2536 opere
662 2460 1100 2537 perfungimurz
1137 2473 1228 2517 est
1255 2460 1415 2517 enim
1444 2460 1669 2518 animus
1696 2462 1953 2519 coelestis
1974 2482 2052 2519 ex
2074 2462 2369 2521 altissimo

458 2552 758 2611 domicilio
793 2552 1126 2629 depressus,
1163 2566 1224 2611 et
1256 2555 1425 2633 quasi
1460 2554 1769 2613 demersus
1802 2556 1862 2613 in
1896 2570 2134 2624 terram,
2166 2558 2368 2616 locum

457 2647 673 2704 divinae
694 2659 914 2705 naturae
933 2649 1365 2727 aeternitatique
1389 2650 1763 2709 contrarium.
1843 2651 1970 2709 Sed
1992 2652 2196 2721 credo,
2214 2650 2367 2711 deos

457 2742 823 2802 immortales
849 2743 1130 2821 sparsisse
1157 2744 1383 2803 animos
1405 2746 1464 2802 in
1489 2765 1739 2824 corpora
1757 2746 2029 2816 humana,
2048 2760 2115 2806 ut
2140 2762 2365 2820 essent,

457 2837 557 2915 qui
593 2850 780 2895 terras
822 2852 1148 2923 tuerentur,
1177 2839 1399 2916 quique
1434 2842 1764 2899 coelestium
1798 2842 2069 2901 ordinem
2102 2858 2363 2902 contem-

454 2934 703 3012 planteS,
725 2932 1100 2991 imitarentur
1113 2954 1252 2991 eum
1272 2934 1407 2993 vitae
1425 2934 1603 2993 modo
1621 2949 1797 3013 atque
1814 2937 2152 2995 constantia.
2224 2938 2365 2995 Nec

454 3048 550 3087 me
579 3031 770 3087 solum
798 3030 948 3087 ratio
971 3048 1040 3085 ac
1063 3028 1383 3106 disputatio
1405 3030 1655 3107 impulit,
1678 3044 1743 3089 ut
1768 3031 1851 3089 ita
1878 3031 2219 3091 crederem.
2256 3032 2365 3091 sed

453 3126 725 3183 nobilitas
768 3125 946 3183 etiam
989 3144 1355 3183 summorum
1388 3126 1887 3204 philosophorum,
1922 3140 1985 3185 et
2026 3129 2363 3187 auctoritas.

377 3198 550 3276 S58.
582 3222 922 3279 Audiebam
944 3221 1368 3299 Pythagoram,
1384 3220 1925 3298 Pythagoreosque‚
1942 3222 2163 3279 incolas
2186 3244 2365 3299 paene

455 3327 701 3380 nostros,
737 3315 837 3387 qui
871 3329 1073 3375 essent
1109 3316 1300 3376 Italici
1335 3316 1669 3394 philosophi
1702 3317 2001 3391 quondam
2050 3318 2360 3387 nominati,

456 3418 754 3481 nunquam
789 3401 1108 3477 dubitasse,
1145 3410 1286 3485 quin
1323 3431 1401 3468 ex
1437 3411 1710 3469 universa
1743 3425 1945 3469 mente
1978 3412 2177 3469 divina
2213 3412 2362 3469 deli-

455 3501 622 3563 batos
646 3498 869 3557 animos
887 3502 1267 3563 haberemus.
1304 3505 1859 3564 demonstrabantur
1880 3506 2024 3563 mihi
2043 3518 2360 3583 praeterea,

454 3616 587 3673 quae
607 3596 878 3654 Socrates
899 3616 1181 3679 supremo
1200 3600 1333 3657 vitae
1352 3600 1449 3658 die
1468 3600 1546 3658 de
1563 3601 2002 3659 immortalitate
2026 3601 2361 3659 animorum
2456 3654 2461 3657 .

453 3691 844 3761 disseruisset,
874 3690 942 3760 is,
972 3691 1072 3770 qui
1109 3707 1265 3753 esset
1304 3694 1567 3753 omnium
1602 3695 2071 3773 sapientissimus
2110 3697 2363 3755 oraculo

449 3788 747 3864 Apollinis
776 3786 1095 3865 judicatus.
1177 3788 1346 3859 Quid
1382 3790 1614 3849 multa'l
1656 3790 1743 3849 sic
1778 3788 1921 3847 mihi
1955 3790 2241 3868 persuasi,
2270 3791 2364 3851 sic
