2525 4409
471 409 613 452 sxvn
648 410 730 452 ns·
769 408 1307 452 Animum-car.
1342 410 1499 463 xvn,
1523 408 1681 453 xvn.
1962 398 2045 455 55

147 539 280 598 dam
309 552 410 598 aut
435 541 667 601 animus
701 541 992 619 abjectior
1023 553 1131 611 est,
1161 553 1265 599 aut
1298 560 1439 621 spes
1472 541 1903 621 amplificandae
1930 540 2047 599 for-

144 647 294 693 tunae
323 635 578 695 fractior.
663 636 804 693 Non
837 649 928 695 est
959 636 1140 713 igitur
1173 636 1372 705 amici,
1400 638 1580 694 talem
1616 656 1747 694 esse
1782 637 1841 693 in
1884 658 2044 708 eum,

143 730 330 805 qualis
356 730 456 788 ille
491 730 553 787 in
587 750 654 787 se
687 742 776 787 est
793 753 810 801 3
855 730 960 788 sed
992 730 1186 808 potius
1221 730 1369 787 eniti
1397 741 1456 787 et
1486 730 1741 797 efficere,
1768 744 1835 789 ut
1870 732 2043 791 amici

141 822 440 899 jacentem
477 824 740 881 animum
773 825 1009 893 excitet,
1039 824 1403 902 inducatque
1438 825 1498 882 in
1533 844 1703 903 spem
1738 826 2040 903 cogitatio-

140 936 392 995 nemque
428 919 754 978 meliorem.
835 920 1012 978 Alius
1040 919 1223 997 igitur
1250 920 1380 977 finis
1406 940 1565 978 verae
1598 921 1875 979 amicitiae
1904 942 2037 980 con-

137 1012 460 1072 stituendus
487 1027 594 1081 est,
619 1015 670 1073 si
698 1016 886 1093 prius,
908 1014 1052 1092 quid
1081 1015 1341 1072 maxime
1368 1015 1806 1092 reprehendere
1834 1016 2039 1094 Scipio

137 1107 340 1166 solitus
379 1109 472 1179 sit,
505 1108 770 1169 edixero.
855 1110 1136 1187 Negabat
1175 1110 1359 1167 ullam
1397 1128 1606 1167 vocem
1647 1110 2039 1171 inimiciorem

137 1204 406 1264 amicitiae
453 1206 718 1284 potuisse
765 1206 1039 1285 reperiri,
1083 1226 1266 1283 quam
1314 1207 1461 1284 ejus,
1504 1206 1605 1283 qui
1648 1206 1909 1277 dixisset,
1956 1209 2043 1267 ita

137 1318 334 1357 amare
361 1314 655 1378 oportere,
677 1314 746 1358 ut
771 1302 824 1359 si
852 1302 1171 1377 aliquando
1203 1314 1360 1358 esset
1386 1321 1629 1359 osurus:
1671 1322 1785 1358 nec
1806 1322 1951 1359 vero
1976 1322 2041 1359 se

135 1393 353 1451 adduci
387 1414 580 1471 posse,
614 1408 683 1452 ut
714 1396 842 1463 hoc,
873 1393 1375 1471 quemadmodum
1410 1406 1733 1472 putaretur,
1765 1413 1801 1453 a
1828 1395 2043 1452 Biante

136 1507 271 1545 esse
312 1488 536 1547 dictum
586 1490 874 1559 crederet,
903 1489 1008 1566 qui
1047 1490 1286 1567 sapiens
1327 1490 1563 1547 habitus
1609 1504 1769 1547 esset
1814 1510 1967 1549 unus
2006 1512 2043 1549 e

136 1595 371 1661 septem
391 1606 407 1654 ς
464 1584 682 1662 impuri
717 1582 1050 1662 cujusdam,
1087 1596 1188 1641 aut
1204 1620 1214 1628 ›·
1229 1584 1545 1651 ambitiosi,
1584 1598 1687 1642 aut
1726 1586 1927 1645 omnia
1968 1586 2043 1645 ad

135 1696 302 1735 suam
349 1679 678 1755 potentiam
725 1678 1060 1737 revocantis
1116 1698 1248 1737 esse
1296 1679 1667 1737 sententiam·
1764 1680 2045 1753 Quonam

137 1772 294 1829 enim
329 1772 512 1829 modo
545 1773 851 1850 quisquam
888 1773 1115 1832 amicus
1155 1793 1287 1831 esse
1319 1774 1555 1851 poterit,
1584 1748 1682 1832 ciii
1714 1794 1779 1832 se
1813 1777 2045 1853 putabit

141 1866 439 1925 inimicum
466 1888 596 1925 esse
625 1888 802 1945 posse
825 1868 848 1925 'l
930 1867 1279 1940 Quinetiam
1306 1888 1551 1926 necesse
1584 1870 1700 1926 erit
1732 1890 1954 1950 cupere
1982 1884 2046 1929 et

139 1974 362 2037 optare,
391 1974 461 2019 ut
487 1981 664 2039 quam
699 1961 1022 2039 saepissime
1053 1974 1265 2041 peccet
1290 1964 1535 2031 amicus,
1566 1985 1685 2041 quo
1713 1966 1913 2042 plures
1940 1966 2045 2024 det

137 2056 248 2113 sibi
283 2070 592 2133 tamquam
627 2077 800 2115 ansas
835 2056 907 2114 ad
935 2057 1530 2135 reprehendendum:
1575 2079 1807 2117 rursum
1846 2074 2045 2117 autem

139 2164 296 2209 recte
317 2151 490 2211 factis
519 2150 964 2227 commodisque
995 2151 1323 2209 amicorum
1351 2170 1598 2208 necesse
1622 2153 1735 2209 erit
1762 2154 1919 2229 angi,
1944 2153 2045 2211 do—

140 2245 282 2313 lere,
303 2245 594 2303 invidere.
676 2250 770 2303 60.
804 2244 1018 2315 Quare
1039 2246 1153 2302 hoc
1173 2246 1417 2322 quidem
1445 2259 1831 2323 praeceptum,
1856 2248 2048 2325 cujus-

143 2360 369 2417 cunque
411 2354 524 2409 est,
553 2330 642 2399 ed⁴
671 2339 992 2399 tollendam
1036 2340 1355 2399 amicitiam
1396 2342 1571 2399 valet.
1655 2340 1811 2399 Illud
1847 2342 2049 2421 potius

142 2437 614 2518 praecipiendum
656 2437 782 2506 fuit,
821 2450 886 2495 ut
929 2457 1062 2496 eam
1107 2436 1475 2515 diligentiam
1526 2437 1944 2496 adhiberemus
1987 2439 2048 2497 in

143 2532 412 2591 amicitiis
455 2532 886 2610 comparandis,
917 2545 984 2590 ut
1022 2552 1100 2590 ne
1133 2532 1373 2609 quando
1416 2553 1615 2591 amare
1648 2533 2049 2612 inciperemus

144 2645 296 2695 eum,
341 2648 520 2706 quem
568 2627 886 2705 aliquando
933 2628 1126 2686 odisse
1175 2648 1497 2706 possemus.
1597 2629 1950 2700 Quinetiam
1999 2629 2051 2688 si

143 2724 336 2783 minus
369 2724 576 2783 felices
603 2724 664 2781 in
692 2724 1014 2802 deligendo
1045 2724 1381 2794 fuissemus,
1410 2724 1725 2783 ferendum
1754 2725 1815 2782 id
1844 2724 2049 2802 Scipio

144 2822 354 2898 potine,
376 2841 561 2897 quam⁴
583 2820 1024 2878 inimicitiarum
1051 2820 1289 2895 tempus
1318 2818 1723 2895 cogitandum,
1746 2820 2012 2895 putabat.

221 3008 436 3067 XVII.
478 3012 573 3064 61.
608 3006 726 3062 His
753 3006 935 3081 igitur
958 3006 1176 3063 finibus
1205 3005 1491 3063 utendum
1520 3004 1789 3070 arbitror,
1812 3016 1895 3071 ut,
1918 3023 2053 3061 cum

149 3101 452 3163 emendati
479 3118 678 3156 mores
705 3098 1030 3155 amicorum
1058 3099 1189 3168 sint,
1217 3112 1345 3156 tum
1372 3099 1448 3157 sit
1475 3100 1631 3155 inter
1660 3116 1765 3153 eos
1790 3095 2055 3154 omnium

149 3218 367 3265 rerum,
387 3193 786 3260 consiliorum,
803 3192 1194 3261 voluntatum,
1211 3192 1339 3249 sine
1356 3193 1479 3249 ulla
1500 3190 1875 3268 exceptione,
1897 3211 2053 3249 com-

151 3293 443 3352 munitas:
478 3302 545 3347 ut
573 3287 770 3355 etiam,
793 3285 979 3362 siqua
1000 3285 1236 3343 fortuna
1257 3284 1557 3355 acciderit,
1580 3298 1645 3344 ut
1665 3285 1861 3343 minus
1876 3286 2055 3364 justae

157 3388 478 3445 amicorum
498 3384 836 3442 voluntates
867 3378 1216 3458 adjuvandae
1245 3380 1377 3449 sint,
1400 3380 1459 3438 in
1482 3381 1697 3459 quibus
1724 3402 1933 3439 eorum
1957 3395 2058 3440 aut

157 3494 338 3561 caput
370 3492 575 3558 agatur
609 3489 709 3535 aut
733 3477 911 3544 sama,
941 3474 1361 3533 declinandum
1394 3476 1470 3535 sit
1496 3477 1573 3535 de
1601 3478 1730 3548 via3
1773 3476 1954 3533 modo
1980 3496 2057 3533 ne

160 3596 392 3634 summa
423 3572 728 3653 turpitudo
767 3584 1083 3649 sequatur:
1143 3580 1230 3629 est
1267 3571 1424 3629 enim
1458 3585 1748 3649 quatenus
1788 3569 2061 3627 amicitiae

165 3671 290 3729 dari
322 3670 496 3729 venia
527 3668 725 3749 possit.
814 3666 954 3725 Nec
985 3686 1127 3725 vero
1167 3665 1531 3743 negligenda
1572 3680 1666 3724 est
1696 3665 1897 3733 fama3
1952 3681 2064 3721 nec

165 3767 464 3825 mediocre
489 3766 676 3824 telum
705 3762 780 3821 ad
804 3782 907 3821 res
935 3761 1230 3840 gerendas
1257 3759 1603 3820 existimare
1624 3770 1860 3837 oportet
1884 3758 2064 3817 bene-
