2525 4409
792 383 1188 439 rmnoxox,
1211 386 1503 428 11.-—cAr.
1527 388 1571 428 1.
2068 377 2148 432 77

231 517 546 593 quisquam
567 515 629 572 in
651 514 956 592 potiundis
975 515 1377 594 voluptatibus
1404 517 1717 593 gloriando
1740 538 1877 578 nese
1908 534 1971 579 et
1995 539 2147 599 prae·
2180 555 2199 572 2

233 611 531 670 dicatione
583 610 801 668 effert?
900 610 1092 688 Atqui
1137 610 1188 668 si
1228 612 1523 689 voluptas,
1569 633 1703 689 qnae
1754 614 2147 692 plurimorum
2162 609 2176 620 ⁸

207 703 578 784 ,patrociniis
617 704 977 774 defenditur,
1017 705 1081 762 in
1125 706 1305 764 rebus
1336 706 1508 765 bonis
1547 706 1821 766 habenda
1858 729 1977 768 non
2018 723 2143 783 θοις

235 819 448 876 eaque,
478 819 602 876 quo
645 812 736 858 eet
777 801 989 878 major,
1021 820 1099 859 eo
1139 801 1331 879 magia
1374 814 1635 861 mentem
1676 824 1713 862 e
1752 823 1861 862 sua
1898 805 2043 864 sede
2082 819 2145 866 et

233 906 390 952 statu
407 893 707 964 demovet,
725 894 996 1003 profecto
1011 895 1155 958 nihi]
1173 909 1263 954 est
1284 897 1447 956 aliud
1463 899 1620 957 bene
1638 909 1701 956 et
1713 899 1893 1004 beate
1910 900 2139 973 vivere,

233 988 346 1046 nisi
363 989 614 1048 honeste
641 1001 702 1047 et
725 1001 890 1048 recte
915 990 1134 1048 vivere.

1766 1091 1793 1104 U

851 1272 1519 1336 PAnAnoxon1L

489 1375 606 1424 Ὀτι
625 1373 866 1438 αὐτάρκης
884 1375 916 1436 ἡ
935 1376 1086 1440 ἀρετὴ
1109 1378 1230 1441 πρὸς
1251 1376 1574 1442 εὐδαιμονῑαν.

489 1465 552 1515 In
573 1481 666 1530 quo
685 1467 842 1516 virtus
863 1469 947 1528 sit,
970 1469 1016 1518 ei
1035 1469 1160 1518 nihil
1180 1469 1343 1518 deesse
1364 1469 1429 1518 aa
1450 1469 1579 1520 beate
1598 1470 1863 1520 vivendum.

310 1567 360 1624 1.
405 1569 499 1624 16.
539 1564 603 1623 N
606 1585 678 1624 ec
697 1586 842 1624 vero
859 1585 976 1644 ego
997 1563 1083 1624 M.
1101 1566 1407 1644 Regulum
1430 1587 1846 1638 aerumnosum,
1862 1587 1975 1626 nee
1996 1564 2143 1628 infe·

229 1662 428 1731 licem,
444 1679 562 1718 nec
577 1659 861 1720 miserum
879 1681 1141 1738 unquam
1155 1661 1379 1739 putavi.
1460 1661 1603 1720 Non
1622 1661 1781 1720 enim
1796 1661 2143 1740 magnitudo

235 1752 416 1810 animi
445 1753 576 1830 ejus
603 1753 1060 1812 excruciabatur
1085 1773 1122 1812 a
1141 1753 1366 1822 Poenis,
1386 1772 1505 1810 non
1531 1753 1805 1831 gravitas,
1826 1775 1947 1812 non
1972 1755 2143 1826 fides,

233 1865 348 1905 non
377 1847 726 1918 constantia,
747 1867 866 1904 non
892 1848 1017 1905 ulla
1041 1847 1246 1918 virtus,
1274 1867 1394 1906 non
1422 1847 1685 1924 denique
1706 1839 1947 1908 animus
1975 1849 2139 1928 ipse:

237 1941 354 2017 qui,
374 1953 465 1998 tot
485 1941 763 1998 virtutum
784 1939 1060 2020 praesidio
1081 1954 1365 2018 tantoque
1392 1941 1695 2012 comitatu,
1712 1963 1893 2019 quum
1923 1963 2143 2022 corpus

225 2036 364 2112 ejus
397 2047 732 2113 caperetur,
763 2035 898 2114 capi
935 2048 1094 2094 certe
1121 2036 1255 2113 ipse
1289 2056 1407 2094 non
1442 2037 1647 2115 potuit.
1729 2037 1803 2096 C.
1831 2059 1975 2096 vero
2010 2039 2141 2096 Ma-

232 2129 392 2188 rium
420 2129 695 2199 vidimuis,
724 2130 824 2207 qui
859 2129 1002 2187 mihi
1034 2128 1313 2188 secundis
1344 2129 1407 2187 in
1446 2131 1629 2188 rebus
1666 2149 1821 2188 unus
1854 2151 1934 2188 ex
1959 2131 2145 2188 fortu-

235 2225 386 2283 natis
408 2225 744 2282 hominibus
755 2247 772 2297 ς
807 2225 1084 2294 adversis,
1099 2243 1254 2282 unus
1280 2244 1359 2282 ex
1379 2223 1622 2281 summis
1642 2223 1783 2280 viris
1800 2223 2141 2293 videbatur3

234 2339 354 2396 quo
373 2319 610 2378 beatius
638 2339 772 2380 esee
799 2319 1036 2378 mortali
1063 2319 1208 2376 nihil
1233 2328 1448 2397 potest.
1532 2322 1625 2376 17.
1659 2316 1896 2387 Nescia,
1918 2317 2145 2390 insane,

232 2414 447 2485 nescia,
467 2426 712 2492 quantas
732 2413 888 2472 vires
908 2415 1095 2473 virtus
1121 2414 1373 2485 habeat3
1416 2431 1635 2471 nomen
1662 2424 1891 2471 tantum
1913 2412 2146 2472 virtutis

231 2529 526 2588 ιιειιτΡαε.
584 2508 728 2586 quid
765 2509 896 2587 ipsa
931 2510 1149 2580 valeat,
1183 2508 1443 2587 ignoras·
1543 2507 1745 2567 Nemo
1786 2519 1981 2586 potest
2024 2528 2146 2568 non

231 2603 611 2662 beatissimus
639 2623 794 2673 esse,
823 2604 930 2680 qui
955 2615 1045 2662 est
1069 2615 1226 2662 totus
1255 2615 1429 2683 aptus
1455 2623 1537 2661 ex
1564 2618 1717 2674 sese,
1738 2603 1961 2682 quique
1989 2603 2052 2661 in
2078 2624 2146 2662 se

229 2718 358 2757 uno
379 2717 488 2757 sua
506 2698 676 2776 ponit
697 2693 952 2764 omnia.
995 2697 1114 2756 Cui
1134 2718 1273 2776 spes
1300 2698 1489 2757 omnis
1516 2710 1577 2756 et
1601 2699 1751 2757 ratio
1776 2711 1839 2756 et
1865 2698 2146 2776 eogitatio
2221 2696 2230 2702 ”

229 2793 460 2871 pendet
486 2811 568 2851 ex
592 2791 845 2862 fortuna,
864 2793 1004 2850 huic
1031 2793 1176 2850 nihil
1200 2806 1395 2870 potest
1420 2812 1551 2851 esse
1578 2793 1759 2863 σοιτίς
1794 2793 1959 2861 nihil,
1982 2791 2144 2868 quod

229 2873 614 2966 exploratum
639 2888 871 2958 habeat,
892 2907 1345 2966 permansurum
1371 2887 1487 2946 sibi
1516 2905 1701 2944 unum
1728 2885 1907 2943 diem.
1974 2885 2143 2942 Eum

227 2994 296 3041 tu
326 2983 632 3054 hominem
670 2995 910 3052 terrete,
939 2982 991 3040 ai
1019 3002 1198 3060 quem
1232 2981 1350 3040 eris
1381 2992 1610 3048 nactus,
1638 2978 1763 3036 istie
1794 2975 2007 3034 mortis
2040 2989 2143 3035 aut

227 3076 432 3135 exsilii
451 3061 650 3152 minis,
725 3077 878 3135 Mihi
899 3096 1044 3136 vero
1065 3075 1354 3154 quidquid
1376 3073 1663 3134 acciderit
1682 3073 1743 3130 in
1764 3083 1887 3129 tam
1908 3071 2145 3148 ingrata

229 3171 492 3241 civitate,
519 3191 594 3229 ne
626 3173 923 3230 recusanti
950 3169 1192 3247 quidem
1225 3167 1509 3236 evenerit,
1532 3187 1653 3224 non
1688 3165 1867 3224 modo
1900 3185 2018 3224 non
2041 3164 2142 3224 ¹re-

225 3266 542 3344 pugnanti.
623 3267 789 3338 Quid
823 3265 987 3326 enim
1027 3283 1144 3340 ego
1173 3261 1461 3331 laboravi,
1490 3273 1591 3320 aut
1617 3260 1762 3339 quid
1796 3261 1913 3340 egi,
1942 3273 2045 3320 aut
2080 3261 2142 3319 in

227 3381 352 3436 quo
393 3360 820 3440 evigilaverunt
865 3379 1024 3420 curae
1071 3369 1135 3415 et
1177 3355 1563 3434 cogitationes
1610 3375 1781 3428 meae,
1814 3357 1867 3415 si
1898 3356 2141 3434 quidem

227 3456 380 3513 nihil
407 3456 624 3534 peperi
649 3457 786 3527 tale,
811 3453 962 3513 nihil
988 3464 1337 3512 consecutus
1368 3471 1516 3522 sum,
1544 3465 1613 3511 ut
1638 3473 1713 3511 eo
1742 3463 1898 3510 statu
1927 3471 2140 3524 esqem,

225 3570 418 3628 quem
443 3570 643 3627 neque
663 3549 914 3609 fortunae
941 3547 1265 3616 temeritas,
1282 3564 1474 3622 neque
1494 3546 1867 3605 inimicorum
1886 3544 2140 3602 labefac-

227 3657 387 3703 taret
419 3645 636 3723 injuria
653 3645 679 3704 2
695 3655 710 3668 “
764 3648 858 3704 18.
891 3646 1226 3702 Mortemne
1266 3639 1413 3697 mihi
1452 3641 1758 3707 minitaris,
1792 3649 1861 3696 ut
1898 3637 2141 3696 omnino

229 3740 312 3798 ab
335 3739 714 3810 hominibus3
761 3759 838 3798 an
875 3737 1166 3810 exsilium,
1175 3747 1242 3794 ut
1268 3735 1345 3794 ab
1371 3733 1657 3812 improbis
1684 3730 2141 3810 demigrandum

2162 3131 2199 3154 Ι
