2525 4409
447 389 532 450 56
993 399 1062 442 u.
1094 399 1154 440 τ.
1187 394 1514 438 mentonis
1552 392 1813 444 Lfflmus,

443 532 762 594 volentiam
791 529 1026 596 civium,
1053 547 1230 605 quam
1254 523 1559 587 blanditiis
1596 535 1655 584 et
1682 524 2041 582 assentando
2068 525 2363 602 colligere

443 643 618 706 turpe
640 639 743 685 est.
825 625 1050 692 Virtus,
1073 643 1250 700 quam
1284 619 1554 698 sequitur
1582 620 1814 686 caritas,
1837 618 2083 677 minime
2112 619 2359 697 repudi-

446 724 602 784 anda
618 733 722 778 est.
781 725 884 777 62.
913 718 1040 776 Sed
1055 737 1217 794 saepe
1238 716 1485 793 (etenim
1500 714 1689 772 redeo
1706 713 1781 772 ad
1800 713 2165 791 Scipionem,
2186 715 2363 790 cujus

444 817 636 877 omnis
671 835 868 874 sermo
901 825 1029 871 erat
1055 810 1130 870 de
1165 810 1445 886 amicitia)
1476 809 1856 887 querebatur,
1886 808 2045 885 quod
2082 809 2359 866 omnibus

445 912 506 970 in
533 912 709 969 rebus
731 908 1000 967 homines
1022 905 1431 984 diligentiores
1456 916 1685 975 essent;
1722 923 1929 982 capras
1958 915 2019 961 et
2044 923 2188 962 oves
2213 915 2361 979 quot

447 1006 700 1083 quisque
733 1004 1000 1073 haberet,
1029 1002 1236 1060 dicere
1269 1020 1483 1078 posse:
1526 1001 1760 1078 amicos-
1779 1011 1923 1076 quot
1948 998 2209 1066 haberet,
2238 1018 2361 1056 non

449 1121 624 1179 posse
648 1099 883 1157 dicere:
919 1111 982 1155 et
1007 1097 1068 1154 in
1095 1097 1212 1156 illis
1231 1095 1480 1174 quidem
1505 1094 1785 1174 parandis
1815 1095 2101 1153 adhibere
2129 1113 2359 1163 curam,

447 1195 510 1252 in
527 1194 733 1252 amicis
755 1192 1047 1271 eligendis
1067 1191 1439 1270 negligentes
1462 1210 1612 1260 esse,
1628 1211 1741 1249 nec
1755 1190 1979 1248 hebere
1998 1208 2073 1266 qu
2081 1189 2166 1248 asi
2184 1189 2361 1266 signa

449 1291 742 1368 quaedam,
777 1302 839 1348 et
881 1301 1068 1356 notas,
1103 1287 1318 1364 quibus
1362 1307 1487 1355 eos,
1522 1287 1625 1362 qui
1670 1285 1745 1344 ad
1792 1285 2113 1344 amicitiam
2154 1296 2361 1342 essent

448 1386 665 1456 idonei,
690 1385 1050 1464 judicarent.
1131 1383 1285 1442 Sunt
1316 1382 1499 1460 igitur
1528 1381 1701 1450 firmi,
1730 1393 1791 1438 et
1828 1381 2093 1449 stabiles,
2120 1391 2183 1437 et
2213 1399 2355 1438 con-

447 1495 668 1542 stantes
718 1480 998 1558 eligendi,
1034 1479 1206 1556 cujus
1260 1477 1499 1555 generis
1546 1490 1638 1535 est
1690 1496 1905 1554 magna
1950 1475 2233 1553 penuria:
2296 1488 2361 1534 et

447 1575 724 1654 judicare
747 1574 990 1632 difficile
1011 1586 1100 1631 est
1117 1591 1262 1630 sane
1284 1571 1399 1630 nisi
1419 1584 1734 1649 expertum
1753 1593 1769 1641 ς
1805 1569 2240 1648 experiendum
2264 1582 2359 1628 est

449 1682 648 1728 autem
682 1671 742 1726 in
775 1670 906 1747 ipsa
947 1668 1236 1726 amicitia:
1280 1667 1365 1725 ita
1396 1666 1706 1744 praecurrit
1746 1665 2007 1724 amicitia
2032 1665 2357 1744 judicium,

447 1765 720 1839 tollitque
755 1761 1108 1840 experiendi
1143 1773 1509 1840 potestatem.
1590 1766 1687 1820 63.
1730 1761 1845 1820 Est
1874 1761 2057 1838 igitur
2095 1759 2355 1838 pruden—

445 1857 542 1925 tis,
575 1857 889 1924 sustinere,
918 1868 985 1913 ut
1023 1876 1280 1924 currum,
1316 1857 1401 1918 sic
1434 1855 1727 1934 impetum
1758 1854 2205 1924 benevolentiae,
2234 1875 2361 1932 quo

448 1963 703 2019 utamur,
737 1951 906 2026 quasi
955 1951 1122 2026 equis
1169 1951 1427 2021 tentatis,
1469 1951 1555 2010 sic
1606 1950 1895 2019 amicitiiS,
1938 1949 2135 2026 aliqua
2182 1963 2357 2028 parte

445 2045 794 2125 periclitatis
835 2046 1102 2104 moribus
1141 2046 1485 2105 amicorum.
1568 2045 1833 2117 Quidam
1874 2064 2037 2122 saepe
2069 2045 2133 2103 in
2166 2064 2357 2124 parva

444 2141 698 2220 pecunia
737 2140 1190 2220 perspiciuntur,
1235 2161 1417 2218 quam
1468 2141 1587 2199 sint
1627 2142 1825 2210 leves;
1890 2139 2151 2218 quidam,
2197 2160 2355 2217 quos

443 2257 626 2316 parva
667 2257 908 2295 movere
945 2257 1063 2295 nou
1104 2237 1316 2314 potuit,
1352 2248 1791 2314 cognoscuntur
1829 2235 1891 2292 iu
1932 2254 2161 2312 magna.
2242 2235 2355 2293 Sin

444 2346 621 2391 erunt
648 2333 834 2409 aliqui
861 2332 1104 2411 reperti,
1134 2332 1236 2409 qui
1265 2332 1581 2409 pecuniam
1608 2330 1891 2411 praeferre
1920 2329 2199 2388 amicitiae
2224 2350 2351 2389 sor-

443 2425 652 2484 didum
671 2428 1022 2497 exstiment3
1061 2427 1164 2485 ubi
1185 2445 1289 2485 eos
1312 2427 1699 2495 inveniemus,
1718 2425 1821 2503 qui
1840 2426 2109 2494 honoreS,
2132 2426 2357 2503 mag-is-

443 2532 650 2588 tratus,
676 2520 944 2597 imperia,
973 2534 1310 2597 potestates,
1340 2542 1485 2600 opes
1515 2521 1787 2580 amicitias
1814 2541 1937 2579 non
1964 2533 2353 2598 anteponent,

383 2630 393 2643 ‘
443 2627 529 2683 ut,
558 2634 693 2671 cum
729 2633 807 2672 ex
841 2616 1031 2674 altera
1062 2629 1228 2692 parte
1261 2617 1569 2695 proposita
1598 2617 1727 2675 haec
1760 2617 1893 2687 sint,
1922 2636 2003 2675 ex
2034 2618 2221 2676 altera
2244 2617 2351 2695 jus

445 2707 739 2779 amicitiae,
767 2730 883 2768 non
919 2713 1102 2768 multo
1128 2711 1234 2770 illa
1266 2712 1511 2771 malint?
1594 2713 1911 2773 Imbecilla
1942 2713 2102 2772 euim
2134 2725 2357 2772 natura

443 2817 536 2862 est
562 2803 634 2862 ad
657 2807 1146 2864 contemnendam
1177 2807 1545 2884 potentiam:
1588 2828 1769 2885 quam
1796 2809 1976 2869 etiem
2000 2809 2051 2867 si
2071 2810 2355 2886 neglecta.

443 2900 701 2957 amicitia
745 2901 1048 2958 consecuti
1083 2913 1234 2970 sunt,
1271 2901 1649 2960 obscuratum
1682 2902 1755 2960 iri
1794 2903 2172 2972 arbitrantur,
2208 2904 2352 2981 quia

439 3015 555 3054 non
590 2996 718 3054 sine
751 3016 972 3072 magna
1003 3014 1188 3054 causa
1221 2996 1299 3054 sit
1338 2999 1613 3074 neglecta
1650 2999 1923 3057 amicitia.
2004 3003 2099 3056 64.
2134 2998 2349 3075 Itaque

438 3110 599 3148 verae·
629 3091 904 3150 amicitiae
933 3088 1283 3148 difficillime
1314 3092 1699 3170 reperiuntur
1730 3093 1794 3151 iu
1828 3092 1917 3160 iis,
1946 3093 2049 3170 qui
2076 3093 2139 3150 in
2166 3095 2353 3152 hono-

439 3185 603 3242 ribus·
627 3206 812 3263 reque
840 3185 1086 3264 publica
1111 3199 1440 3245 versentur.
1521 3187 1647 3246 Ubi
1666 3187 1827 3246 enim
1852 3188 2033 3246 istum
2058 3187 2351 3256 invenias,

445 3277 548 3352 qui
573 3278 859 3337 honorem
887 3280 1060 3339 amici
1088 3292 1412 3359 anteponat
1438 3301 1547 3340 suo
1570 3281 1593 3341 ‘l
1676 3282 1891 3353 Quid'e
1931 3283 2059 3342 haec
2084 3295 2153 3341 ut
2180 3283 2353 3340 omit-⁶

439 3383 580 3437 tam,
599 3391 774 3446 quam
803 3394 1030 3449 graveS,
1051 3390 1230 3452 quam
1257 3376 1529 3435 difficiles
1556 3377 1861 3455 plerisque
1886 3378 2165 3435 videntur
2190 3379 2353 3435 cala·

437 3465 712 3525 mitatum
753 3467 1102 3528 societates!
1157 3471 1234 3529 ad
1268 3492 1417 3550 quas
1456 3493 1577 3530 non
1618 3485 1709 3530 est
1744 3473 1920 3532 facile
1960 3473 2205 3530 inventu
2244 3472 2355 3549 qui

437 3561 776 3622 descendat.
859 3563 1240 3642 Quamquam
1270 3568 1501 3626 Ennius
1527 3580 1726 3626 recte:

790 3661 1028 3720 Amicus
1053 3673 1234 3720 cerem
1257 3664 1323 3722 iu
1348 3685 1410 3722 re
1433 3664 1652 3723 incerta
1678 3665 1931 3722 cernitur
1946 3686 1973 3722 .-

435 3765 638 3814 tamen
682 3756 813 3816 haec
857 3756 980 3816 duo
1024 3759 1276 3818 levitatis
1323 3771 1385 3820 et
1430 3761 1805 3822 infirmitatis.
1833 3763 2157 3841 plerosque
2204 3779 2349 3822 cou-
